3048 4944
653 284 864 350 ..19-

199 476 321 550 iuravit,
347 475 511 536 hominium
534 475 680 538 ecclesiae
702 476 786 548 fecit,
813 477 981 553 multasque
1004 475 1148 537 ecclesiae
1170 475 1321 534 Romanae

199 577 353 638 libertates
375 577 405 636 in
428 595 522 654 regno
548 579 730 650 concedens,
753 579 905 654 legitimus
925 597 976 640 rex
996 598 1015 640 a
1036 595 1118 655 papa
1136 577 1193 636 rite
1212 592 1322 652 agnos-

128 653 131 672 ¹
199 674 331 754 citur⁴⁸).

265 781 305 842 Ut
318 781 428 842 bellum
446 783 543 855 civile,
559 783 588 842 in
605 781 708 843 Sicilia
723 782 800 842 inter
811 783 998 846 Christianos
1013 788 1044 842 et
1057 781 1223 842 Saracenos
1239 799 1322 841 exor-

199 889 261 944 tum
280 883 388 956 finiret,
403 884 563 957 factiones,
584 902 659 961 quae
676 885 809 948 offensae
829 886 926 963 ipsius
942 885 1101 956 electione,
1126 885 1212 944 novis
1232 883 1323 944 rebus

202 986 372 1058 studebant,
389 986 537 1064 placaret,
554 987 733 1064 omninoque
749 987 977 1065 rempublicam
994 988 1201 1048 corroboraret
1220 993 1324 1045 contra

200 1089 333 1161 hostem,
349 1107 465 1148 summa
478 1089 626 1150 industria
641 1090 813 1150 Tancredus
828 1108 950 1168 operam
966 1090 1057 1152 dedit.
1086 1089 1217 1165 Regulos
1233 1087 1322 1148 Sara-

204 1205 344 1250 cenorum
360 1191 389 1250 in
405 1192 495 1252 urbes
511 1191 608 1252 redire
620 1193 728 1268 coegit.
750 1193 911 1254 Thesauris
926 1192 1028 1268 regiis,
1045 1191 1139 1252 multa
1154 1191 1324 1268 persecula

202 1292 349 1365 collectis,
370 1296 524 1366 utebatur,
546 1300 579 1353 ut
594 1295 718 1372 profusa
734 1312 834 1356 eorum
858 1295 1066 1354 distributione
1082 1294 1198 1354 animos
1214 1293 1323 1370 princi·
1407 1337 1411 1348 .

202 1413 271 1472 pum
293 1395 351 1456 sibi
372 1391 598 1474 conciliaret).
637 1396 805 1458 Matthaeus
825 1396 917 1458 totius
938 1397 1024 1472 regni
1046 1395 1324 1456 archicancellarius

201 1497 323 1574 eiusque
340 1497 420 1560 filius
436 1517 536 1560 comes
552 1499 667 1560 Aiellae
688 1499 758 1558 facti
773 1506 851 1563 sunt.
891 1498 991 1574 Magni
1006 1497 1203 1558 comestabuli
1218 1513 1324 1556 munus

202 1600 332 1662 Andriae
348 1601 448 1662 comiti
469 1601 640 1678 ademptum
662 1601 836 1670 etRoberto
858 1600 1006 1662 Venusiae
1028 1599 1129 1660 comiti
1149 1615 1325 1676 concessum

202 1699 301 1776 eat⁵⁰l.

266 1804 382 1866 Etenim
398 1807 427 1866 in
443 1807 554 1885 Apulia
577 1807 664 1884 pauci
682 1805 865 1866 Teneredum
887 1823 987 1882 regem
1011 1805 1224 1882 agnoscebant.
1270 1803 1325 1864 Hic

203 1907 333 1967 Andriae
349 1909 466 1968 comitis
487 1916 552 1968 erat
564 1910 675 1988 teatin,
694 1909 743 1968 hic
758 1908 843 1966 multi
859 1909 1027 1985 principes,
1048 1925 1123 1984 quos
1140 1925 1212 1984 spes
1227 1923 1326 1966 rerum

203 2007 339 2086 potiundi
355 2009 515 2082 fefellerat,
538 2011 708 2088 possessori
729 2009 886 2085 illegitimo
908 2009 996 2070 iidem
1012 2010 1108 2070 iurare
1131 2003 1325 2086 nolebant⁵¹).

203 2110 259 2186 Qui
276 2130 389 2184 omnes,
405 2113 624 2189 archiepiscopi
641 2113 843 2174 Panormitani
859 2112 1040 2173 instantibus
1056 2112 1188 2172 consiliis
1204 2111 1326 2182 inducti,

203 2214 232 2271 in
249 2213 369 2272 Henrici
384 2214 540 2274 factionem
556 2215 748 2275 transierunt.
776 2213 922 2292 Epistolis
937 2213 973 2272 ad
989 2231 1090 2289 regem
1107 2213 1219 2283 missis,
1236 2210 1326 2272 Gual-

204 2315 296 2375 terius
312 2315 492 2392 Ofiamiglia,
509 2317 632 2376 comites
649 2315 789 2387 Andriae,
805 2315 955 2388 Tricarici‚
972 2313 1078 2386 Calvii,
1094 2312 1226 2385 Gravini,
1243 2313 1326 2374 Moli-

205 2417 252 2490 sii,
268 2417 384 2492 Gelani,
401 2437 503 2479 omnes
519 2419 580 2480 fere
593 2419 723 2498 Apuliae
738 2418 855 2480 nobiles
871 2424 1046 2496 perpetuam
1062 2417 1151 2477 fidem
1167 2423 1269 2477 sancte
1285 2417 1324 2476 al-

266 2737 300 2800 ⁴¹⁸)
312 2743 336 2800 1)
346 2745 435 2790 Literae
441 2745 554 2790 Tarrcredi
563 2745 658 2792 addam.
665 2745 907 2804 Goelestiuumpapam
913 2744 1020 2798 directae,
1027 2743 1169 2790 continentes
1174 2744 1270 2801 pactaet
1276 2755 1328 2787 con-

204 2821 323 2866 ocutiones
336 2821 475 2866 concordata
487 2823 546 2866 inter
558 2835 634 2878 regem
651 2825 673 2867 et
685 2821 741 2866 eccl.
754 2834 810 2866 rom.
826 2835 862 2880 ap.
875 2821 997 2875 Mabillon,
1017 2833 1123 2866 summer.
1136 2819 1239 2879 privileg.
1254 2820 1327 2864 1232.

206 2894 326 2952 (Martius,
337 2897 439 2944 thesarrr.
451 2899 531 2944 anecd.
544 2895 583 2954 ll.)
596 2921 629 2930 -·-
642 2898 737 2946 Omissis
750 2897 801 2944 aliis
813 2898 917 2952 citamus,
928 2897 991 2955 quod
1002 2909 1075 2956 papae
1087 2909 1220 2943 concessum
1235 2891 1329 2954 ,bbere

204 2975 229 3020 in
240 2977 289 3020 toto
301 2988 370 3033 reguo
383 2969 515 3020 electiones
520 2973 616 3036 fircera
628 2976 660 3020 ita
672 2975 735 3034 quod
746 2975 828 3021 electio
840 2975 998 3034 praesentatur
1009 2975 1064 3031 regi,
1078 2971 1120 3017 cui
1131 2969 1330 3036 seeprarstabft

206 3062 346 3106 descissam,
364 3051 410 3098 nisi
421 3051 508 3098 electus
521 3055 583 3098 esset
594 3052 623 3098 de
636 3051 791 3110 proditoribus
803 3051 840 3096 rel
851 3051 912 3096 notis
923 3049 1034 3104 inimicis,
1052 3053 1075 3094 et
1085 3051 1144 3097 tales
1157 3065 1217 3110 papa
1227 3052 1258 3097 ad
1269 3053 1329 3109 regis

204 3127 336 3174 meantium
348 3127 485 3188 reprobabit.
499 3151 532 3160 —
544 3129 613 3174 etiam
624 3129 653 3174 de
666 3129 813 3174 concessione
825 3128 889 3184 regni
902 3126 948 3171 Sic.
959 3126 1010 3171 duc.
1020 3127 1088 3185 Apsul.
1100 3131 1123 3173 et
1131 3129 1228 3188 princip.
1239 3130 1329 3188 Capuae

206 3207 229 3250 et
237 3203 333 3250 hiarsiae
345 3228 379 3236 -
391 3219 448 3264 quae
458 3205 645 3264 praedecessores
655 3205 714 3261 regis
723 3203 827 3250 homines
836 3203 946 3249 ecclesiae
954 3202 1019 3248 Rom.
1028 3204 1077 3248 inre
1089 3207 1212 3251 tenuerant
1223 3210 1246 3251 et
1258 3207 1286 3251 de
1297 3229 1329 3237 -

205 3279 371 3346 homiuionhgio
382 3279 445 3326 facto
451 3281 478 3328 R.
488 3282 564 3328 eccles
572 3297 613 3341 per
622 3296 697 3340 regem
708 3282 859 3341 praedictum.
871 3305 905 3312 -
917 3281 978 3326 etde
989 3294 1060 3326 censu
1072 3295 1148 3326 annuo
1161 3297 1201 3328 sex
1213 3285 1330 3328 cautorum

206 3355 354 3402 schifatorum
365 3372 407 3416 pro
418 3360 462 3418 Ap.
475 3362 499 3404 et
511 3360 589 3417 Capua
601 3362 623 3404 et
635 3359 852 3417 quadringentorum
863 3372 905 3416 pro
917 3357 1001 3402 hfarsia
1012 3371 1053 3416 per
1063 3371 1139 3416 regam
1151 3358 1284 3404 solvende.“

275 3431 300 3488 2)
318 3433 363 3478 Lit.
376 3434 489 3482 Tancredi
500 3437 530 3482 ad
543 3435 641 3482 coelest.
655 3437 785 3489 continens,
804 3435 866 3493 quod
879 3435 959 3480 Timor.
976 3435 1000 3478 in
1014 3435 1118 3480 manibus
1135 3435 1284 3480 cardinalium
1301 3437 1328 3480 ad

205 3509 250 3556 hoc
267 3510 389 3556 meorum
405 3533 439 3541 -—
456 3499 520 3558 idxta
535 3512 630 3558 formam
646 3512 791 3572 capitularis,
809 3513 872 3571 qnod
888 3525 935 3571 per.
946 3510 1038 3556 eosdem
1055 3511 1182 3556 cardinales
1203 3533 1238 3541 --
1257 3523 1330 3569 papae

205 3587 341 3634 transmittit
352 3587 396 3634 sab
407 3588 563 3643 amenitatis,
575 3589 693 3637 fidelitatis
705 3590 820 3648 praestitit
830 3589 982 3634 iuramentum
994 3601 1014 3632 c.
1032 3587 1144 3634 ldeblllon
1157 3589 1230 3634 12³3.

274 3662 299 3721 3)
318 3663 401 3710 Forma
409 3665 530 3710 iuramenti
537 3663 664 3719 fidelitatis,
676 3678 721 3723 qno
730 3665 801 3712 hdam
808 3665 868 3711 iurat
876 3664 943 3710 beato
953 3663 1028 3719 Patro,
1041 3665 1106 3710 Rom.
1116 3665 1193 3711 scolae
1202 3677 1222 3708 c.
1236 3660 1330 3718 (Eadem

207 3739 333 3788 Guilelmus
344 3756 385 3788 rex
396 3742 497 3788 Adriano
508 3755 581 3800 papae
593 3739 723 3798 iuraverat.)
741 3741 939 3788 admonitas.

274 3807 308 3874 49)
327 3817 392 3866 Rich.
405 3819 430 3866 S.
443 3820 518 3866 Germ.

275 3887 308 3949 ⁵⁰)
328 3895 475 3953 Gapecelatrn
486 3896 567 3942 istoria
579 3895 602 3940 di
613 3895 696 3954 Napoli
708 3893 819 3951 (Gravior,
831 3894 932 3940 raccolta
944 3895 968 3940 di
979 3893 1080 3940 aeritimi
1093 3887 1146 3940 dell¹
1158 3895 1198 3939 ist.
1211 3893 1249 3938 del
1261 3905 1330 3950 reguo

208 3969 232 4014 di
242 3967 300 4028 Nep.
312 3970 395 4029 Napoli
409 3969 491 4028 1769.)
506 3973 562 4018 189.
576 3995 609 4002 -
627 3972 757 4026 Giarratano,
772 3973 810 4018 ist.
823 3971 847 4016 di
858 3971 941 4030 Nspcli
954 3969 1034 4028 (idajae
1049 3971 1122 4016 rada.
1136 3973 1151 4015 2
1163 3969 1228 4026 tomi)
1242 3970 1259 4015 l.
1273 3971 1330 4016 312.

207 4067 241 4076 -
259 4045 374 4102 Gherrr'er,
386 4047 444 4094 lutte
456 4049 496 4094 des
509 4062 580 4107 papas
592 4051 615 4094 et
627 4048 668 4096 des
680 4045 810 4107 euperem
821 4050 865 4094 etc.
884 4047 901 4092 l.
915 4049 972 4093 289.

277 4117 310 4180 ⁵¹)
332 4124 401 4179 ,Nam
414 4125 438 4172 iu
449 4125 539 4184 Apulis,
552 4127 592 4184 qni
603 4139 692 4185 semper
700 4127 802 4172 novimte
811 4125 944 4182 gaudentes,
956 4137 1064 4170 normam
1077 4135 1153 4168 rerum
1165 4125 1247 4170 studiis
1260 4137 1331 4181 agnu-

207 4202 257 4254 tnr,
275 4197 332 4246 nihil
348 4197 445 4246 arbitror
462 4201 510 4259 spei
528 4205 568 4248 ant
584 4201 681 4248 fiduciae
698 4199 866 4260 reponendum“
887 4201 954 4248 serila
971 4200 1037 4258 lingo
1050 4199 1181 4246 Falcaudus
1198 4201 1222 4245 iu
1233 4200 1329 4259 praefat.

207 4289 282 4322 rerum
294 4278 400 4324 eventum
412 4277 568 4334 praesentiens
581 4280 603 4322 et
615 4277 692 4324 fotura
704 4278 846 4336 praedicens.

1091 4340 1168 4408 2„
