3052 4934
660 279 850 342 -6..

198 470 263 546 Quo
280 471 402 547 gravius
423 471 517 530 iratus
536 470 714 548 imperator,
735 469 815 546 quod
830 470 886 530 bac
907 487 962 549 ape
978 469 1123 546 deceptus
1139 473 1236 542 esset,
1256 469 1317 530 dis·

198 569 290 634 cessit
305 573 424 632 Verona
438 577 469 632 et
483 590 599 632 omnem
616 590 682 632 cnm
704 591 786 650 papa
800 571 1044 632 consuetudinem
1059 571 1189 632 sustulit.

261 675 327 735 Hoc
337 679 482 751 tempore,
499 691 563 733 cnm
577 675 774 750 gravissimae
790 673 817 734 ei
833 691 898 732 oum
915 691 996 751 papa
1010 673 1182 734 inimicitiae
1193 673 1319 734 interce·

200 779 315 848 derent,
332 775 488 836 consilium
504 776 592 852 cepit,
609 793 667 852 quo
683 777 748 836 sine
763 775 923 836 certamine
940 775 1097 851 obtineret,
1113 793 1189 852 quae
1204 793 1259 853 per
1273 779 1319 837 to·

198 886 258 940 tam
272 880 363 939 vitam
379 882 474 938 totae
489 879 581 938 tantis
598 878 686 938 bellis
701 883 844 955 tantaque
861 877 993 936 omnium
1004 876 1112 938 virium
1128 878 1320 938 contentione

198 983 294 1041 lustra
308 984 477 1040 tentaverat
498 1011 536 1020 -
559 979 713 1039 constituit
734 979 812 1038 enim
827 979 956 1038 Henrico
971 977 1033 1040 filio
1053 979 1084 1038 in
1100 979 1320 1040 matrImonium

199 1084 270 1142 dare
283 1082 504 1151 Constantiam,
522 1081 760 1141 Normannorum
775 1081 805 1140 in
821 1079 910 1140 ltalia
923 1080 1009 1156 regni
1023 1081 1171 1141 heredem.
1188 1080 1253 1142 lam
1268 1100 1320 1142 an·

199 1191 248 1244 tea
263 1185 374 1261 aliquid
391 1183 489 1244 simile
506 1187 690 1254 tentaverat,
706 1181 853 1242 Guilelmo
869 1181 900 1241 Il
914 1181 1034 1244 Siciliae
1048 1182 1113 1259 regi
1128 1182 1221 1244 tiliam
1236 1200 1320 1246 suem

200 1287 347 1346 collocare
368 1285 501 1363 cupiens.
547 1282 713 1344 Guilelmus
729 1302 814 1356 vero,
836 1285 1047 1360 obtemperans
1067 1285 1321 1348 admonitionibus

200 1387 361 1447 Alexandri
375 1386 436 1458 III,
459 1404 492 1446 se
514 1386 636 1461 iungere
658 1404 723 1446 cnm
747 1386 834 1446 hoste
854 1391 976 1446 sanctae
996 1386 1141 1447 ecclesiae
1162 1405 1321 1449 recusave-

199 1485 299 1566 ratu).
312 1489 377 1548 Non
391 1507 468 1548 vano
479 1488 591 1564 gloriae
604 1489 702 1548 studio
715 1493 766 1547 ant
780 1494 876 1574 terras
886 1488 1054 1566 occupandi
1062 1489 1237 1566 imperiique
1246 1489 1321 1552 fines

200 1591 370 1669 proterendi
391 1591 553 1668 cupiditate
575 1591 681 1650 ductus
701 1590 807 1650 iterum
824 1590 970 1650 eiusmodi
986 1590 1144 1650 consilium
1164 1590 1253 1668 cepit.
1290 1591 1320 1652 Si

199 1711 324 1769 regnum
346 1692 584 1752 llormannorum
606 1693 634 1750 in
660 1709 744 1752 suam
766 1697 945 1769 potestatem
966 1692 1148 1768 redegisset,
1172 1691 1323 1754 firmasset

201 1795 412 1871 imperatorum
428 1795 458 1852 in
475 1791 636 1852 Germania
650 1793 856 1853 auctoritatem
871 1797 1022 1870 totamque
1037 1793 1156 1854 ltaliam
1178 1794 1236 1855 sibi
1252 1796 1321 1856 sub·

202 1896 333 1956 iecisset.
349 1896 466 1955 Etenim
482 1914 564 1973 papa
578 1896 616 1955 ab
629 1901 752 1972 utraque
769 1901 854 1972 parts
870 1895 1059 1972 imperatoris
1074 1895 1163 1956 terris
1178 1896 1321 1969 inclusus,

203 2013 220 2070 ῑ.
234 2015 259 2056 c.
277 1998 386 2057 ducatu
401 1997 516 2075 Spoleti
538 2003 567 2057 et
587 1997 674 2057 terris
690 1998 862 2058 comitissae
883 1991 1035 2056 diethildis
1058 1999 1097 2058 ab
1112 1998 1207 2058 altera
1226 2003 1320 2075 parte,

201 2101 238 2159 ab
260 2100 355 2158 altera
375 2099 613 2159 Normannorum
634 2117 744 2175 regno,
770 2099 943 2176 imperatori
964 2099 1093 2176 amplius
1113 2099 1253 2160 resistere
1273 2099 1321 2174 vix

200 2205 350 2282 potuerat.
379 2201 744 2274 Lombardiae'civitatea,
760 2203 838 2261 inter
849 2199 1038 2260 Germaniam
1053 2207 1083 2261 et
1096 2206 1193 2262 terres
1204 2201 1322 2262 llatbil·

201 2304 249 2363 dis
279 2303 372 2374 sitae,
399 2303 573 2379 imperatori
597 2308 681 2362 tanta
706 2303 842 2380 potentia
865 2303 940 2362 freto
968 2304 1174 2380 obtemperare
1202 2309 1322 2364 coactae

201 2410 312 2464 essent.
343 2403 425 2478 Quae
440 2405 531 2480 igitur
546 2404 648 2477 bellis,
664 2405 762 2480 quoad
777 2405 928 2480 regnavit,
950 2404 1045 2480 gestis
1061 2403 1177 2464 efficere
1193 2422 1252 2464 non
1268 2423 1322 2482 po·

201 2507 325 2578 tuisset,
342 2524 378 2565 ea
391 2505 440 2565 his
455 2506 568 2582 nuptiis
585 2511 666 2566 esset
681 2511 867 2566 consecutus.

266 2607 368 2683 Neque
389 2607 504 2684 primns
520 2606 689 2667 Fridericus
710 2607 783 2666 illud
799 2608 955 2668 consilium
972 2607 1059 2686 cepit.
1089 2607 1173 2667 Idem
1188 2612 1322 2669 tentave-

202 2714 269 2769 rant
285 2709 425 2779 Ottones,
442 2709 491 2785 qui
508 2709 585 2781 iure,
602 2709 681 2785 quod
696 2709 840 2770 affinitate
856 2727 922 2770 cum
936 2709 1168 2788 imperatoribus
1184 2710 1322 2787 Byzanti-

202 2811 249 2870 nis
271 2816 374 2870 naetos
391 2829 424 2871 se
440 2829 507 2872 esse
524 2811 752 2890 praedicabant,
773 2811 997 2872 meridionalem
1012 2811 1118 2871 ltaliae
1134 2817 1249 2890 partem
1264 2812 1324 2872 sibi

202 2912 397 2972 vindicarunt.
437 2911 506 2972 Otto
522 2911 552 2972 II
577 2912 653 2972 inter
676 2913 756 2974 bella
776 2913 812 2974 ad
834 2913 1011 2974 obtinendae
1032 2913 1100 2974 illas
1121 2919 1216 2974 terras
1237 2919 1324 2990 gesta

202 3020 337 3074 mortuus
365 3019 420 3074 est.
467 3015 540 3076 Cum
561 3033 631 3074 uero
652 3015 682 3074 ri
703 3021 732 3074 et
751 3015 841 3076 armis
865 3015 1011 3074 subiicere
1032 3033 1084 3076 cas
1104 3017 1194 3076 toties
1214 3017 1324 3076 bostra

201 3121 346 3176 tentatum
364 3123 461 3188 esset,
478 3116 633 3176 Oonradns
648 3115 678 3174 Π
694 3115 896 3188 Normannos,
922 3115 972 3192 qui
992 3121 1023 3174 ct
1043 3115 1183 3175 auxilium
1200 3115 1323 3178 Graecis

178 3253 181 3259 ι
203 3219 332 3280 serentes
355 3224 385 3278 et
407 3218 581 3290 discordiis,
602 3218 709 3294 quibus
725 3216 989 3294 Langobardorum
1013 3217 1165 3296 principes
1181 3217 1241 3278 illic
1256 3237 1323 3296 reg-

203 3327 309 3380 nantes
336 3338 403 3386 sese
424 3320 662 3395 insectabantur,
689 3321 737 3380 usi
762 3320 850 3380 sedes
871 3319 902 3378 in
923 3318 1034 3396 Apulia
1060 3319 1138 3378 nacti
1161 3325 1259 3393 erant,
1287 3321 1323 3382 de

204 3422 278 3480 locis
300 3421 478 3498 quibusdam
501 3404 636 3498 Apuliae¹
652 3421 829 3492 intenderit,
847 3423 926 3492 iore,
943 3426 976 3479 ut
997 3419 1054 3480 hoc
1069 3422 1157 3480 modo
1178 3439 1323 3482 summam

203 3523 307 3581 harum
329 3527 473 3582 terrarum
489 3527 676 3600 'potestatem
703 3523 761 3584 eibi
783 3521 903 3599 suisque
930 3523 1156 3584 successoribus
1180 3531 1323 3596 servaret,

205 3641 340 3701 sperans.
378 3625 519 3683 Attamen
540 3642 606 3684 cum
629 3623 791 3700 Gregorius
807 3623 863 3684 Vll
883 3624 1044 3701 Rogerium
1065 3623 1262 3685 Gniscardum
1285 3626 1322 3685 de

205 3727 315 3803 Apulia
332 3730 362 3784 et
377 3725 516 3786 Calabria
537 3731 567 3784 et
581 3723 697 3798 Sicilia,
719 3725 805 3802 q'uam
821 3731 929 3805 postea
949 3727 1007 3787 sibi
1022 3725 1151 3787 subiecit
1166 3726 1322 3802 Rogerius,

204 3827 402 3900 infeudasset3
425 3845 489 3886 cum
505 3827 652 3902 Rogerius
667 3827 697 3886 ΙΙ
718 3846 768 3888 rer
789 3827 826 3888 ab
842 3829 985 3889 Anacleto
1001 3827 1031 3888 ΙΙ
1052 3833 1212 3888 coronatus
1233 3833 1321 3902 esset,

205 3929 266 3990 illis
281 3929 368 3988 terris
384 3929 580 4006 imperatores
601 3929 710 4004 privati
727 3935 809 4000 aunt,
832 3935 861 3990 et
875 3948 951 4006 qnos
966 3930 1079 3991 amicos
1100 3930 1159 3990 eibi
1175 3934 1331 4008 putarant,-

274 4209 307 4280 11)
326 4215 445 4264 Romueld.
459 4215 547 4266 Salem.
561 4215 617 4269 214.
631 4214 723 4280 (Manat.
737 4215 778 4263 SS.
792 4215 853 4278 Vll)
