3048 4944
672 239 884 304 ..55-

220 439 350 516 possunt
376 433 464 495 credi.
473 427 525 509 146)
568 431 737 494 Dolendum
763 438 824 506 est,
856 432 934 510 quod
961 431 1059 493 nullus
1089 433 1169 494 illius
1195 432 1340 511 temporis

223 543 327 598 auctor
342 537 470 598 Pisanus
486 537 522 597 de
537 535 585 596 his
599 536 689 596 rebus
705 535 842 614 scripsit,
863 552 953 612 quum
968 533 1136 596 Ottobouus
1152 535 1220 595 odio
1240 539 1343 594 contra

217 629 346 701 Pisanos
365 638 504 698 inductus
527 655 619 716 saepe
639 638 717 698 laisa
737 638 856 698 relerat.
902 635 1004 714 Neque
1026 637 1052 697 is
1078 637 1147 698 finis
1172 637 1340 704 inimicitia·

222 761 287 802 rum
309 745 381 802 erat.
416 739 510 816 Quem
529 745 705 818 repererunt
721 738 924 800 Genuensium
947 737 1153 818 despoliarunt
1171 738 1288 811 Pisani,
1311 743 1341 798 et

219 863 325 905 navem
342 841 559 916 Genuensinm,
574 859 650 919 quae
666 847 775 902 onusta
789 842 999 902 Alexandriam
1014 847 1100 902 vecta
1114 847 1170 915 est,
1187 846 1339 919 ceperunt.

193 1022 194 1025 Ἴ
220 947 346 1008 Obertus
362 945 399 1006 de
416 944 548 1006 Olevano
564 943 765 1005 sollicitudine
787 945 891 1004 barum
911 963 1009 1005 rerum
1030 945 1181 1005 contectus
1205 949 1339 1004 mortuus

218 1053 273 1109 est.
297 1047 387 1108 Cuius
403 1047 552 1124 exsequiis
568 1047 615 1107 usi
630 1046 741 1118 Pisani,
758 1046 828 1106 dum
840 1046 1031 1123 llarqualdus
1048 1047 1157 1124 aliique
1171 1065 1273 1107 omnes
1287 1064 1339 1106 no·

218 1149 295 1210 biles
311 1154 393 1210 extra
408 1141 559 1210 civitatem
574 1154 690 1222 essent,
712 1149 795 1209 urbis
819 1149 998 1209 munitiones
1015 1167 1122 1226 capere
1140 1149 1296 1210 voluerunt
1311 1153 1341 1209 et

217 1251 382 1311 interlicere
402 1251 470 1312 illos
492 1250 668 1324 redeuntes,
694 1255 809 1311 secreto
830 1251 1007 1311 adiuvantes
1028 1249 1206 1312 Guilelmum
1227 1268 1339 1328 regem.

216 1353 274 1414 Sed
301 1353 422 1430 prodita
444 1370 477 1412 re
503 1371 590 1412 nemo
614 1371 649 1412 ex
675 1353 748 1413 urbe
774 1353 854 1413 exiit.
899 1353 945 1412 Ita
971 1357 1074 1412 auctor
1100 1347 1339 1426 Ganuensis.¹⁴⁷)

216 1456 363 1528 Tandem,
380 1473 446 1514 cum
468 1452 658 1528 Genuenses,
680 1455 812 1515 Massiua
825 1453 944 1529 relicta,
966 1455 1186 1533 expeditionem
1207 1455 1340 1514 lacerent

216 1559 254 1618 ad
277 1557 493 1618 subiiciendam
514 1575 594 1630 eam,
616 1574 693 1633 quae
713 1557 751 1617 ad
773 1557 917 1617 orientem
938 1561 1057 1634 spectat
1076 1557 1193 1616 insulae
1213 1561 1339 1634 partem,

217 1660 386 1720 discordiae
407 1659 509 1720 finitae
530 1664 607 1720 sunt.
639 1658 767 1732 Catane,
790 1677 865 1736 quae
881 1659 939 1718 iarn
955 1676 988 1718 se
1004 1657 1142 1730 dederat,
1165 1663 1341 1735 oppugnata

217 1767 264 1822 est
284 1761 474 1823 aSaracenis
496 1767 526 1822 et
548 1762 585 1822 ab
609 1761 662 1834 iis,
686 1761 737 1838 qui
759 1760 859 1837 regiae
882 1760 1012 1820 familiae
1033 1759 1137 1821 fideles
1158 1764 1339 1822 manserant.

219 1863 300 1940 Quos
320 1866 461 1941 fugarunt
477 1859 721 1938 Ganuenses.¹⁴⁸)
756 1862 913 1940 Syracusis
934 1879 1051 1939 quoque
1074 1867 1145 1941 post
1167 1879 1264 1922 aerem
1286 1880 1340 1940 op-

218 1967 431 2045 pugnationem
459 1966 653 2044 expugnatis,
680 1966 755 2026 haec
776 1965 896 2026 Siciliae
922 1965 1023 2026 littora
1046 1965 1172 2025 Henrico
1193 1964 1233 2024 Vl
1256 1969 1341 2024 erant

217 2069 362 2130 subiecta.
371 2063 421 2142 149)
449 2067 523 2130 Cum
537 2068 699 2128 rediissent
715 2065 890 2128 Gennenses
907 2067 1079 2140 Massiuam,
1095 2067 1133 2127 ab
1149 2065 1339 2144 imperatore,

216 2176 250 2230 nt
270 2171 409 2249 impleret
436 2188 512 2246 quae
534 2170 737 2248 promisisset,
762 2169 919 2247 petierunt.
950 2169 981 2229 Is
1008 2187 1071 2229 rem
1091 2169 1221 2241 distulit,
1245 2169 1340 2228 donec

218 2272 396 2332 Panormum
411 2277 533 2349 totaque
549 2271 648 2332 insula
663 2276 767 2332 essent
781 2271 925 2331 subiecta.

281 2373 465 2452 Imperatore
494 2375 673 2434 Panormum
707 2373 984 2452 appropinquante,
1020 2372 1135 2450 Sibylla
1171 2391 1236 2433 curn
1266 2372 1339 2446 lilio,

285 2607 332 2670 ¹⁴⁶)
351 2615 475 2660 lanuenses
492 2613 642 2659 restituerunt
657 2613 747 2660 Pisanis
759 2613 783 2659 Μ
798 2611 902 2659 marchas
921 2614 1008 2671 argenti
1025 2616 1048 2660 et
1065 2627 1161 2674 corpora
1176 2613 1291 2672 galearum
1303 2627 1340 2658 eo·

215 2705 272 2736 rum.
295 2691 373 2736 Pisani
390 2715 423 2722 —
443 2689 593 2736 lerinensibus
608 2689 769 2736 reddiderunt:
791 2691 896 2750 clypeum
913 2704 995 2745 unum,
1013 2690 1137 2737 caldariam
1152 2705 1220 2736 unam
1237 2703 1278 2750 pro
1295 2689 1340 2735 sol·

215 2767 290 2812 vende
305 2769 369 2826 pice,
387 2768 471 2814 macios
489 2766 567 2812 decem
583 2766 635 2821 lini,
658 2767 784 2826 sportulam
800 2780 868 2813 unam
886 2781 936 2812 oum
953 2781 1025 2826 pauco
1044 2767 1145 2813 ounellae
1163 2770 1186 2813 et
1201 2767 1278 2812 radice
1295 2779 1341 2812 una

216 2843 332 2901 galangae.
350 2844 443 2889 Lorioas
456 2846 479 2889 et
491 2845 630 2889 armamenta
641 2866 675 2874 —
686 2857 742 2889 uasa
753 2846 871 2902 argentea,
885 2858 975 2899 aurum,
993 2846 1097 2889 monetas
1109 2846 1133 2889 et
1144 2843 1200 2892 alias
1212 2845 1339 2890 innumera·

215 2920 274 2965 biles
287 2921 377 2966 divitius
390 2923 414 2966 et
426 2920 523 2966 multum
535 2933 626 2975 emese,
644 2919 688 2966 sibi
700 2921 866 2979 praetermissis
878 2921 1023 2976 iuramentis,
1041 2935 1099 2982 quae
1111 2920 1224 2977 fecerant,
1242 2921 1340 2966 retinue-

215 2999 276 3042 runt.
296 2997 424 3043 Ottobouus
437 2997 495 3042 369.

284 3066 329 3130 ¹4⁷)
349 3073 503 3120 Seuesebalco
519 3073 615 3119 relatum
632 3087 673 3132 per
689 3073 769 3119 fideles
785 3077 808 3119 et
821 3075 905 3120 amicos
924 3087 991 3129 suos,
1010 3075 1050 3133 qui
1067 3076 1131 3119 erant
1149 3073 1236 3118 conscii
1253 3075 1340 3118 secreta

216 3149 311 3195 consilia
323 3151 468 3204 Pisauorum,
487 3149 550 3208 quod
565 3149 611 3208 ipsi
622 3149 699 3196 Pisani
715 3149 822 3196 lavabant
839 3152 905 3196 uxori
922 3153 946 3195 et
961 3150 1010 3196 lilio
1022 3150 1136 3211 qnondam
1155 3149 1213 3209 regis
1228 3148 1341 3196 Tauclerii

216 3227 239 3270 et
250 3226 313 3284 quod
325 3226 352 3271 ab
366 3227 398 3272 eis
410 3225 488 3272 literas
502 3227 525 3272 et
535 3226 698 3284 promissiones
709 3227 843 3272 habuerant.
862 3227 939 3274 Ottob.
952 3227 1009 3273 369.
1024 3227 1080 3272 370.
1096 3249 1128 3257 -
1146 3226 1198 3271 Non
1209 3226 1339 3272 dubitamus

216 3302 271 3361 quin
283 3304 372 3347 tantum
384 3317 462 3348 eorum
474 3304 554 3348 contra
565 3302 696 3349 Gennenses
707 3303 777 3349 inerit
788 3304 877 3358 odium,
895 3305 921 3349 nt
938 3304 1004 3348 etiam
1022 3317 1048 3348 eo
1066 3303 1173 3348 commoti
1189 3302 1219 3348 ad
1230 3302 1340 3348 Norman·

215 3392 296 3424 norum
307 3381 384 3438 partes
395 3379 534 3424 transierint.

285 3448 330 3511 ¹⁴⁸)
349 3455 434 3502 Versus
448 3455 633 3501 cathaniensinm
646 3456 773 3512 ciuitatem,
790 3469 848 3516 quae
863 3455 994 3501 reddiderat
1011 3469 1035 3501 se
1053 3457 1077 3501 et
1087 3456 1263 3515 impugnabatur
1274 3470 1287 3500 a
1299 3455 1340 3501 Sa-

214 3535 303 3580 racenis
316 3536 340 3579 et
351 3533 452 3578 exercitu
464 3532 554 3589 reginae
566 3535 696 3589 tenuerunt,
709 3535 732 3578 et
745 3534 910 3580 Saracenorum
921 3533 1046 3578 exercitum
1058 3533 1111 3578 inde
1125 3533 1248 3579 eiecerunt.
1262 3532 1339 3580 Ottob.

215 3611 272 3656 370.
290 3633 324 3640 -
340 3609 400 3654 Num
417 3607 440 3652 're
452 3621 506 3652 vera
522 3605 659 3653 exereitum
676 3610 793 3668 collegerit
806 3609 906 3669 Sibylla,
923 3609 1061 3655 dubitamus.
1084 3609 1163 3670 Neque
1177 3610 1304 3657 Saracenos
1315 3611 1341 3656 iu

214 3687 316 3732 levorem
329 3685 438 3732 Guilelmi
449 3685 481 3730 lll
493 3698 556 3730 arma
568 3686 656 3744 cepisse
669 3685 811 3732 arbitramur.
835 3685 927 3731 Minime
939 3699 1004 3740 vere,
1023 3699 1081 3745 quae
1099 3687 1155 3732 dicit
1166 3687 1268 3747 Burigny
1284 3687 1338 3734 bist.

216 3763 244 3808 de
256 3763 325 3808 Sicile
336 3761 376 3807 Vl.
389 3762 419 3808 ad
433 3762 510 3807 1194:
532 3761 579 3818 ,les
593 3763 717 3817 serrasins,
736 3763 775 3822 qni
788 3760 874 3808 etaient
886 3775 915 3807 en
932 3763 1017 3808 service
1035 3762 1063 3807 de
1076 3763 1204 3809 Guillanme
1217 3762 1271 3810 Ill.“
1293 3764 1340 3810 Sed

215 3839 384 3897 perturbatione
400 3851 476 3883 rerum
487 3839 535 3893 usi,
553 3834 606 3881 suis
616 3838 742 3884 commodis
755 3839 882 3893 studuisse,
900 3839 1034 3897 diripuisse,
1051 3839 1200 3885 incursiones
1212 3839 1294 3884 iecisse
1306 3839 1339 3884 vi·

216 3915 306 3960 dentur.

284 3985 329 4048 ¹⁴⁹)
348 3992 493 4062 Quantopere
506 3991 634 4038 Ottobouus
646 3992 742 4038 Pisanos
761 3992 834 4037 oderit
849 3992 923 4052 iisque
942 3991 1114 4047 obtrectaverit,
1133 4007 1161 4038 ex
1173 3991 1209 4038 his
1222 3991 1338 4039 videmus:

216 4067 244 4112 de
262 4069 428 4127 expugnatione
441 4068 606 4128 Syracusarum
618 4069 686 4114 dicit:
699 4091 733 4099 —
748 4067 826 4114 urbem
839 4070 960 4128 ceperunt,
982 4067 1099 4114 nonnullis
1116 4081 1145 4113 ex
1160 4067 1250 4116 Pisanis
1270 4069 1339 4114 intar-

215 4143 289 4189 iectis.
302 4167 335 4176 -·
347 4148 370 4190 et
380 4148 473 4204 postea:
492 4145 615 4200 ltnuenses
631 4145 729 4205 plurima
741 4147 816 4191 cosma
826 4146 940 4202 vicerant,
957 4145 1035 4193 Pisani
1051 4158 1105 4194 vero
1117 4158 1160 4194 uec
1171 4157 1212 4209 per
1223 4159 1285 4194 mara
1296 4159 1339 4196 nec

213 4233 255 4284 par
266 4223 349 4270 terreus
362 4223 493 4270 amoverant
504 4235 529 4268 ae
542 4221 659 4272 Messana!
