3052 4934
655 233 866 298 ..64-

200 440 266 483 mus
282 423 427 483 manebat
442 422 594 496 dominus,
611 428 641 483 et
654 424 803 484 invenitur
817 425 847 484 in
863 426 948 504 dipll.
966 425 1155 487 constantiae
1170 427 1318 488 interdurn

199 525 341 584 formula:
365 525 449 584 salvo
466 531 521 584 cet.
553 525 661 585 Multas
684 545 752 586 vero
774 532 803 586 et
823 546 949 604 magnas
964 546 1013 588 res
1029 529 1095 588 sola
1117 529 1268 588 constituit
1289 535 1320 590 et

199 625 365 703 diplomata
382 627 444 686 suis
460 627 569 702 sigillis
584 628 785 687 communivit.
796 622 845 708 173)

172 797 174 800 ,
264 727 361 802 Quare
378 727 437 786 alia
452 728 506 786 luit
522 729 652 788 conditio
667 730 752 806 regni
767 728 860 789 Siculi
874 737 1019 806 regnante
1035 731 1184 790 Friderico
1198 733 1242 803 ΙΙ,
1257 733 1318 792 alia

199 824 328 888 Henrico
351 829 401 888 VI.
440 828 535 889 Filius
561 835 716 907 utrumque
741 831 897 908 imperinm
924 832 991 909 ipse
1023 834 1214 909 gubernavit,
1239 833 1315 892 Hen-

198 933 278 990 ricus
305 929 495 991 Germaniam
521 931 587 1008 ipse
613 933 799 1008 gubernem,
835 933 950 993 Siculas
982 951 1031 994 res
1058 935 1169 995 absens
1202 935 1316 993 omnino

199 1032 391 1093 Constantiae
418 1033 574 1093 commisit.
617 1034 762 1094 Henricus
789 1035 909 1094 durnin
937 1033 1096 1096 Germania
1122 1041 1320 1096 commoratur

199 1129 441 1212 (1195—1197)
457 1131 580 1194 aulicam
594 1135 631 1194 ad
647 1153 697 1195 res
713 1135 829 1196 Siculas
845 1141 987 1214 spectans
1003 1137 1136 1215 diploma
1152 1137 1244 1196 dedit.

190 1250 195 1258 ·
263 1236 326 1295 Hoc
342 1235 429 1296 modo
445 1236 529 1308 fecit,
552 1245 586 1295 ut
601 1237 823 1297 continuaretur
838 1238 1076 1298 Normannorum
1092 1239 1129 1298 de
1144 1239 1233 1298 Italia
1252 1257 1320 1314 reg-

198 1357 284 1410 num,
311 1355 369 1414 quo
390 1337 532 1397 libentius
553 1343 583 1397 et
603 1339 720 1399 facilius
739 1339 836 1398 Italici
856 1340 916 1417 ipsi
937 1341 1136 1400 obedientiam
1155 1345 1320 1412 servarent,

197 1445 342 1515 regnante
357 1438 546 1511 Constantia,
567 1457 656 1516 quarn
675 1440 838 1516 legitimam
859 1441 1008 1502 dominam
1030 1448 1060 1502 et
1077 1443 1163 1518 regni
1178 1442 1317 1501 heredem

101 1536 105 1546 ¹
197 1547 391 1618 agnoverant.

262 1864 325 1926 Hoc
341 1865 429 1924 modo
439 1862 675 1924 Normannorum
691 1883 813 1942 regnurn
827 1863 1075 1925 Thentonicorum
1090 1866 1233 1948 potestati
1249 1867 1318 1926 sub-

198 1969 304 2026 iectum
327 1973 388 2040 est,
409 1975 439 2026 et
460 1985 531 2045 spes
553 1968 815 2043 contentionesque
835 1969 1026 2026 maximorum
1047 1969 1258 2045 imperatorum
1280 1968 1318 2030 ad

198 2070 287 2129 finem
302 2069 428 2128 feliciter
443 2070 605 2146 perductae
622 2075 699 2130 sunt.

262 2173 401 2230 Attamen
425 2170 571 2230 Henricus
587 2171 628 2230 VI
652 2189 688 2231 ne
711 2171 739 2230 in
763 2172 819 2230 hoc
845 2171 963 2248 quidem
987 2166 1144 2246 acquievit.
1181 2171 1215 2231 ld
1239 2166 1317 2248 quod

198 2273 259 2333 illis
276 2273 360 2346 finis,
377 2273 404 2332 ei
419 2273 533 2331 initium
551 2279 581 2331 et
596 2273 818 2332 tundamentum
834 2273 978 2332 maiorum
994 2273 1050 2332 luit
1065 2274 1295 2334 contentionum.
1336 2265 1339 2274 '

262 2375 325 2434 lam
351 2391 440 2450 reges
462 2374 580 2432 Africae
603 2374 748 2433 miserunt
772 2374 898 2444 tributa,
926 2375 983 2432 iarn
1011 2375 1134 2434 orientis
1159 2393 1262 2450 regeS,
1289 2381 1321 2435 ut

198 2495 293 2552 regna
308 2495 364 2536 sua
378 2478 416 2535 ab
433 2475 560 2534 Henrico
576 2474 665 2534 feuda
680 2475 797 2552 imperii
817 2475 986 2552 reciperent
1008 2482 1038 2534 et
1058 2495 1077 2534 a
1096 2477 1204 2552 legatis
1226 2477 1319 2554 impe·

197 2579 306 2640 raterio
327 2578 495 2638 diademata
515 2583 681 2652 sumerent,
702 2577 860 2654 petierunt.
905 2577 953 2636 Sic
979 2576 1103 2636 dilatata
1127 2577 1243 2654 imperii
1265 2597 1318 2655 po-

197 2685 306 2751 testas,
328 2686 359 2739 et
373 2697 444 2758 spes
467 2679 644 2738 subiiciendi
659 2679 815 2756 Byzantini
830 2679 948 2757 imperii
969 2683 999 2736 et
1013 2679 1190 2738 restituendi
1206 2681 1319 2756 antiqui

197 2781 314 2858 imperii
330 2781 455 2841 Romani
471 2785 617 2858 concepta
633 2787 688 2840 est.
1184 2775 1185 2780 ’
1266 2799 1268 2803 ·

266 2979 311 3042 ¹²3)
332 2985 355 3043 1)
374 2986 398 3031 d.
412 2986 435 3030 d.
448 2986 495 3030 iun.
511 2985 588 3030 1196:
607 2984 668 3029 Loco
686 2984 756 3042 sigilli
773 2985 901 3043 inpendens
919 2985 944 3029 iu
962 2983 1057 3030 cordula
1072 2985 1144 3029 serica
1160 2984 1230 3030 rubea
1242 2999 1315 3031 cereae

197 3062 281 3106 rubeae
293 3063 317 3107 in
330 3061 425 3121 capsula
436 3061 512 3118 lignea
523 3060 641 3118 appositae
653 3074 704 3105 cum
716 3060 799 3106 litteris
812 3063 835 3105 et
847 3061 944 3118 imagine
961 3061 1034 3119 ipsius
1051 3061 1207 3118 imperatricis.
1230 3061 1317 3118 Ugbelli

197 3138 399 3184 1.S.1x.4a1.-
413 3135 436 3193 2)
450 3137 473 3182 d.
484 3137 507 3181 d.
519 3136 557 3180 15.
565 3150 613 3194 apr.
626 3137 703 3182 1196:
717 3137 830 3182 Costanza
839 3137 931 3190 sedete,
944 3138 1036 3182 tenente
1049 3135 1109 3180 colla
1120 3136 1197 3182 destra
1207 3151 1239 3182 un
1251 3137 1318 3194 giglio

197 3228 241 3260 con
253 3217 334 3273 questa
349 3214 482 3258 iscrizioue:
502 3213 638 3258 Constantia
654 3214 677 3258 d.
695 3227 727 3270 gr.
745 3213 809 3258 Rom.
826 3212 960 3271 Imperatrix
979 3225 1067 3270 semper
1083 3213 1186 3269 Augusta
1203 3215 1226 3258 et
1242 3215 1320 3270 regina

198 3290 297 3336 Siciliae.
315 3290 375 3335 Pirri
386 3289 438 3335 S.S.
453 3289 508 3334 115.
522 3311 555 3320 -—
568 3287 592 3344 3)
611 3289 634 3333 d.
647 3288 670 3332 d.
683 3289 733 3333 deo.
748 3290 824 3334 1196:
837 3287 912 3346 sigillo
925 3287 949 3332 di
965 3300 1017 3332 oera
1029 3287 1071 3332 che
1083 3287 1113 3333 lm
1128 3288 1151 3333 la
1162 3303 1204 3333 sua
1214 3289 1319 3346 imagine,

197 3366 301 3412 resedere
313 3379 357 3410 con
368 3365 391 3410 la
403 3378 487 3410 corona
498 3365 606 3419 intesta,
620 3378 663 3408 oon
676 3363 699 3408 lo
712 3367 785 3409 scetro
803 3364 866 3409 nella
882 3364 971 3418 destra,
990 3378 1002 3408 e
1014 3357 1059 3408 oo'l
1069 3365 1154 3409 mondo
1166 3378 1209 3409 oon
1220 3365 1243 3410 la
1254 3379 1320 3410 croco

198 3443 221 3488 di
233 3455 302 3501 sopra
312 3441 374 3486 nella
385 3443 492 3496 sinistra;
511 3454 555 3486 con
566 3443 647 3498 queste
658 3439 740 3485 lettere
751 3443 852 3486 attorne:
872 3440 1007 3485 Constantia
1018 3439 1082 3486 Rom.
1096 3439 1242 3498 imperatrix,
1257 3442 1320 3486 Sem-

196 3521 307 3577 psrAng.
319 3517 406 3575 Regina
419 3518 464 3564 Sic.
477 3516 555 3572 Lello,
574 3516 813 3562 chiesadillonreale
825 3516 854 3561 11.
868 3517 909 3562 42.
922 3516 1000 3570 val.
1023 3539 1057 3547 -
1078 3516 1150 3575 Dipll.
1164 3517 1319 3571 Constantiae,

196 3595 248 3640 vivo
260 3594 341 3639 marito
355 3594 416 3650 data,
430 3607 489 3654 quae
501 3593 604 3639 invenire
616 3593 733 3652 potuimus
746 3593 828 3649 omnia,
841 3591 902 3639 infra
913 3593 1069 3650 ffliuugmus,
1082 3592 1164 3651 quibus
1176 3607 1235 3652 quae
1251 3605 1320 3650 supra

197 3671 296 3716 diximus
307 3670 441 3729 probentur.
