3048 4944
661 283 872 348 „22-

210 481 290 539 1190
312 477 478 556 profectus,
510 478 700 538 iterfaciens
727 496 782 556 per
808 475 977 538 Amiternas
1005 483 1035 539 et
1059 479 1221 539 Theatinas
1247 495 1327 551 oras,

206 581 302 640 iunxit
316 599 387 641 suas
403 579 508 658 copias
524 598 589 640 enm
606 581 737 640 Andriae
753 581 860 641 comite
876 585 907 640 et
920 597 1015 658 usque
1031 580 1066 640 ad
1085 581 1254 655 cornetum,
1270 581 1327 642 Ve-

207 683 325 744 nusiani
338 682 456 743 abbatis
468 683 581 755 urbem,
594 683 644 760 qui
657 683 809 742 Taneredo
822 683 919 742 fidelis
933 683 998 756 fuit,
1011 683 1207 760 progrediens
1219 685 1329 760 omnia,

207 804 283 864 quae
304 787 342 845 ab
358 785 516 862 Apennino
540 785 638 845 Monte
660 785 696 844 ad
719 785 863 845 orientem
884 785 978 844 solem
994 802 1100 845 versus
1122 787 1233 857 iacent,
1258 786 1328 846 sub·

207 888 277 964 egit.
321 886 417 961 Quum
441 891 539 946 autem
565 895 682 947 montes
707 887 876 964 transgredi
897 892 927 946 et
947 886 1066 946 Terram
1088 886 1213 947 Laboris
1236 887 1328 948 subii-

208 1007 274 1050 eere
290 991 395 1062 vellet,
421 994 556 1049 retentus
571 989 600 1048 in
618 989 774 1049 obsidione
790 989 908 1062 Ariani,
936 1007 1011 1066 quae
1032 989 1118 1062 urbs,
1145 989 1175 1048 in
1201 989 1330 1050 transitu

207 1093 349 1152 montium
366 1091 433 1164 sita,
445 1092 483 1150 ab
493 1092 668 1152 Aeemarum
686 1092 793 1152 comite
808 1091 923 1151 fortiter
936 1091 1158 1164 defendebatur,
1175 1109 1242 1150 eum
1257 1092 1330 1152 nibil

207 1194 366 1272 proficeret
377 1193 548 1270 morbisque
560 1193 651 1274 nimio
667 1195 775 1254 aetatis
792 1193 889 1254 calore
902 1193 1011 1253 exortis
1024 1193 1134 1253 milites
1147 1195 1330 1273 corriperen-

207 1303 269 1369 tur,
291 1315 405 1356 necnon
422 1297 519 1356 vietus
535 1314 586 1356 eos
603 1297 758 1369 deficeret,
776 1297 945 1373 relinquere
961 1314 1085 1372 regnum
1102 1301 1132 1355 et
1147 1292 1176 1356 in
1193 1297 1330 1357 Tusciam

207 1399 317 1458 reverti
341 1404 461 1458 coaetus
488 1405 543 1458 est.
581 1399 669 1458 Brevi
691 1403 798 1477 postea
824 1399 955 1458 Andriae
981 1415 1096 1471 cornea,
1124 1399 1331 1476 proditiones

208 1502 356 1561 Richardo
372 1502 548 1561 boemerum
565 1501 671 1561 comite
688 1507 810 1578 captus,
833 1501 945 1560 erudeli
961 1501 1112 1578 supplicio
1133 1501 1250 1561 occisus
1273 1507 1329 1562 est.

209 1605 282 1663 Tum
298 1605 406 1680 partim
422 1604 535 1663 necatis
553 1605 660 1682 partim
677 1603 844 1680 profugatis
861 1604 910 1679 qui
929 1603 1055 1662 Henrico
1069 1603 1109 1662 VI
1125 1603 1229 1664 fideles
1246 1622 1330 1663 man-

209 1711 318 1778 serant,
335 1724 439 1766 omnes
456 1724 488 1765 sa
505 1707 658 1766 dederunt.
697 1705 745 1766 Sio
760 1711 854 1765 totum
870 1724 994 1781 regnum
1010 1707 1039 1764 in
1057 1711 1237 1783 potestatem
1253 1707 1328 1765 Tan-

209 1809 289 1868 eredi
304 1809 456 1868 redactum
473 1803 575 1882 θεῖ-53).

277 1974 311 2036 ⁵⁸)
330 1981 448 2025 Postremo
462 1981 540 2040 Capua
557 1983 579 2025 et
591 1982 677 2026 Aversa
689 1995 713 2026 se
727 1981 845 2025 dederunt.
864 2003 897 2011 -
916 1981 994 2039 Capua
1011 1994 1035 2024 se
1052 1981 1127 2026 reddit
1139 1981 1265 2039 improvido
1277 1995 1331 2026 eon-

210 2057 273 2111 silio,
287 2059 345 2102 sieut
358 2071 446 2115 semper
458 2071 511 2112 usa,
525 2058 631 2102 numiam
644 2057 768 2111 Henrious,
781 2057 818 2102 eui
829 2057 927 2111 favebat,
942 2057 1142 2115 appropinquaret.
1155 2058 1228 2102 Anon.
1242 2058 1330 2103 Cassia.
