3048 4944
674 235 885 302 ,25-

219 439 250 496 et
269 435 394 514 perlecti
417 434 499 496 valet
519 431 666 508 dignosci.
702 429 765 505 Qus
791 434 822 490 et
844 429 923 490 idem
945 428 1194 507 Bonusjohanues
1216 428 1258 487 ita
1279 443 1343 486 esse

220 531 380 598 asserebat
396 554 459 617 pro
475 531 623 596 Romano
644 529 853 613 expeditione,
870 551 890 590 a
911 527 1028 611 Ripaei·
1045 527 1143 590 eaeetl
1153 571 1287 590 .......
1305 525 1343 590 de

215 637 363 720 proaimo
378 635 456 716 fieri
476 631 663 718 sperabunt,
689 639 778 712 atque
799 633 912 706 Fodm,
935 632 1044 692 domno
1066 631 1202 692 Wilelmo
1222 631 1259 691 de
1282 630 1344 692 Osa

218 741 319 801 Padus
335 739 482 800 Potestati
498 737 694 798 amicabiliter
709 735 925 799 interveniente
940 736 978 796 ad
994 775 1128 796 .......
1145 751 1211 794 cum
1226 735 1342 794 Domno

219 841 354 906 Gerardo
370 842 511 902 Paduano
526 841 678 919 Episcopo
700 839 838 917 pervenit
851 838 1042 900 discordiam.
1070 870 1111 882 -
1136 837 1342 915 Bonusjohan-

186 1018 188 1022 Α
219 963 273 1006 nes
290 975 329 984 -
346 962 381 1004 ex
400 943 550 1020 legatione
566 959 626 1019 qna
639 941 833 1018 fungebatur,
855 959 920 1000 cum
938 975 977 984 -
993 940 1146 1018 Episcopo
1161 938 1343 1000 conveniens

219 1051 308 1123 atque
324 1045 490 1124 paciscens,
506 1043 626 1106 tendat
646 1079 676 1090 --
696 1043 850 1122 Episcopo
864 1051 1036 1126 presentent
1052 1039 1201 1124 Reqolem
1215 1038 1342 1122 etpedi-

219 1147 333 1210 tionene
352 1168 392 1210 ao
411 1145 597 1224 coercitam,
618 1145 735 1228 quique
751 1143 788 1206 de
805 1143 952 1226 prosince
967 1141 1045 1224 fieri
1062 1140 1234 1226 sperabant
1253 1148 1343 1222 atque

221 1251 353 1327 fodrum,
374 1256 408 1310 ut
422 1267 518 1326 neque
533 1249 600 1327 ipse
615 1249 786 1328 Episcopus
801 1248 857 1320 ire,
879 1265 934 1308 nec
955 1249 1079 1308 militem
1095 1279 1135 1288 -
1152 1265 1206 1326 pro
1222 1265 1256 1308 se
1272 1247 1342 1308 diri-

218 1371 288 1430 gere
304 1357 449 1414 teneatur.
471 1383 513 1392 -
529 1385 570 1394 —-
592 1351 693 1428 sicque
708 1351 817 1412 domno
832 1351 983 1429 Episcopo
999 1349 1156 1428 stipulanti
1176 1383 1209 1394 —
1227 1349 1342 1410 Bonus·

213 1456 364 1535 johannes
384 1472 418 1516 se
440 1455 585 1514 iacturum
607 1455 685 1514 hanc
705 1453 894 1514 concordiam
916 1453 1063 1514 Domuum
1085 1453 1197 1528 Regem
1219 1451 1342 1512 laudare

218 1563 248 1618 et
263 1557 437 1618 confirmare
459 1556 608 1634 promisit.
640 1555 727 1630 Quod
747 1555 823 1616 infra
837 1555 967 1616 triduum
985 1563 1057 1635 poet
1072 1551 1255 1635 completam
1270 1551 1342 1614 ani-

218 1655 370 1719 oar-satem
385 1651 531 1736 Curiam,
553 1675 650 1739 qnam
664 1653 808 1718 Domana
823 1653 894 1718 Rea
914 1655 948 1716 in
964 1652 1123 1717 Roncoln'o
1143 1654 1192 1716 vel
1210 1651 1290 1718 aliti
1308 1653 1343 1716 in

223 1756 418 1822 Loocbordia
438 1755 565 1837 tenebit,
586 1761 703 1822 Domno
719 1761 794 1838 Regi
815 1777 871 1839 pro
893 1759 1049 1820 iamdicta
1067 1759 1344 1820 remissiouedabIt

200 1929 202 1936 ,
220 1867 336 1924 centum
353 1863 469 1924 Merces
485 1863 602 1940 argenti
617 1864 655 1924 ad
672 1863 832 1924 marchiam
849 1861 1066 1924 coloniensem.
1084 1867 1139 1922 cet.
1155 1867 1211 1924 cet.
1234 1861 1342 1922 Actum

218 1965 249 2025 in
264 1965 367 2026 Padus
386 1967 417 2026 iu
432 1965 607 2044 Episcopali
623 1965 754 2044 (lapella.
772 1965 956 2042 (Sequuntur
974 1963 1094 2038 testes.)
1129 1965 1193 2040 Ego
1214 1963 1341 2024 varinus

218 2067 389 2146 ImperiaIIs
404 2067 513 2128 Domni
528 2067 562 2128 F.
578 2067 699 2128 tabellis
714 2067 833 2128 intertui
851 2065 919 2126 -.“

283 2168 364 2230 Haec
384 2169 542 2228 conventio
563 2169 591 2228 d.
614 2171 652 2230 23
675 2169 726 2230 inl.
752 2171 832 2230 1190
852 2169 931 2228 facta
950 2174 1006 2230 est.
1039 2169 1095 2229 Die
1120 2172 1155 2230 10
1176 2169 1236 2230 iun.
1261 2170 1341 2228 1190

221 2269 389 2330 Fridericus
410 2270 573 2348 imperator
587 2276 721 2332 mortuns
742 2276 814 2331 orat.
849 2270 922 2330 Post
936 2289 1027 2330 unum
1042 2277 1073 2332 et
1087 2271 1240 2332 dimidium
1260 2289 1341 2332 men·

220 2389 283 2432 sem
304 2372 438 2432 nuntium
459 2373 496 2434 de
518 2373 583 2434 eius
603 2378 698 2434 morte
720 2373 751 2432 in
771 2369 961 2432 Germaniam
980 2373 1104 2434 allatum
1124 2374 1241 2451 iamque
1260 2373 1342 2450 regIs

218 2474 335 2551 legatos
356 2475 394 2534 ad
415 2475 577 2553 parandam
598 2475 819 2555 expeditionem
841 2475 871 2534 iu
893 2475 981 2537 Italia
1003 2482 1141 2537 versatos
1164 2493 1232 2536 esse
1254 2493 1341 2536 nemo

218 2577 330 2654 estqui
346 2577 457 2638 credat.
1144 2643 1147 2650 Ι

285 2678 319 2752 i)
335 2678 491 2740 Corradus
507 2679 697 2742 Tridentinus
714 2681 876 2759 episcopus
892 2680 1017 2741 vasallis
1033 2681 1096 2742 suis
1111 2681 1224 2754 indicit,
1240 2686 1273 2742 ut
1288 2699 1340 2760 pa·

217 2787 300 2840 ratos
322 2798 355 2840 se
374 2781 507 2840 tacerent
525 2782 563 2842 ad
587 2782 760 2842 comitatum
780 2783 901 2842 Heurici
922 2783 1003 2859 regis
1019 2783 1050 2842 iu
1065 2783 1198 2844 Romana
1220 2784 1341 2862 expedi-

219 2882 308 2942 tione.
321 2881 385 2960 (ap.
402 2882 492 2956 Risu,
506 2883 606 2944 Codex
621 2883 805 2960 Vangianus.
830 2884 1072 2946 Urkuudenbuoh
1087 2885 1141 2946 des
1157 2886 1341 2946 Hochstittes

218 2983 329 3044 Trient.
360 2985 471 3044 Fontes
491 3003 590 3046 rerum
605 2985 819 3047 ansuiacarum
836 2974 889 3047 der
904 2985 986 3048 Kais.
1002 2979 1168 3048 Akademie
1183 2987 1236 3048 der
1252 2987 1340 3048 Wiss.

218 3087 248 3144 in
267 3087 358 3147 Wieu.
375 3093 446 3148 tom.
463 3086 498 3145 V.
519 3089 607 3148 1852.
624 3107 654 3166 p.
674 3087 758 3164 102.)

282 3188 337 3260 „lu
352 3190 470 3250 nomine
486 3209 511 3250 c.
528 3191 564 3250 Α.
580 3187 1341 3269 inedmcmtxxxtno.v111.xv.1(a1.aug.-

218 3288 248 3346 in
264 3289 375 3366 palatio
391 3291 442 3367 diri
457 3293 610 3352 tridentini
625 3294 772 3371 episcopi.
795 3294 830 3354 In
847 3295 1000 3372 presentia
1018 3331 1051 3340 -
1070 3327 1122 3357 -.

283 3385 386 3465 „Com
402 3389 460 3452 dits
475 3401 581 3454 noster·
590 3390 750 3456 Heorn'coc
765 3415 843 3456 rona.
859 3415 916 3456 ron
931 3404 959 3456 et
973 3415 1094 3478 semper
1109 3383 1273 3480 capestres,
1287 3415 1340 3457 oo-

217 3511 346 3554 monom
359 3492 394 3554 in
409 3493 634 3575 expeditionem
645 3488 855 3579 projectosffl)
868 3506 955 3576 esset,
967 3497 1096 3580 eiusque
1107 3498 1262 3582 eepedn'tio
1277 3497 1342 3559 iam

168 3667 172 3677 y
218 3594 301 3656 dioto
318 3593 380 3656 dno
396 3594 566 3658 tridentino
582 3597 728 3680 epmcopo
742 3596 943 3674 incomberet,
959 3602 1016 3661 dns
1029 3601 1193 3674 Conradus,
1210 3602 1258 3662 dei
1273 3621 1341 3680 gra-

218 3699 264 3758 cia
278 3699 456 3760 tridentium
476 3699 602 3760 illustris
619 3701 795 3779 epIsmpus,
811 3721 830 3761 a
849 3703 1049 3780 praelatis-
1066 3704 1208 3780 quesivit,
1229 3709 1262 3764 ut
1280 3705 1341 3784 ipsi

219 3800 412 3862 columnellos
433 3801 491 3862 sibi
507 3802 726 3878 distInguereut
740 3809 770 3862 et
790 3804 1009 3879 consignarent.
1045 3805 1100 3880 Qui
1121 3807 1342 3884 responderunt

218 3900 365 3963 dieentes:
387 3933 429 3944 -
450 3936 491 3946 -
514 3904 664 3982 (sequiIur
690 3905 762 3966 ordo
789 3906 1057 3981 columnellorum..)
1090 3907 1155 3984 Ego
1181 3908 1341 3986 sopimus,

218 4002 406 4080 imperatoris
422 4006 612 4068 invictIssimi
627 4007 771 4068 Friderici
788 4009 937 4080 neurius,
953 4009 1072 4068 interfui
1088 4014 1119 4069 et
1133 4009 1218 4071 iussu
1233 4011 1340 4088 prelati

218 4103 348 4182 presulis
363 4106 502 4184 scripsi.“

286 4233 321 4306 ⁶³)
341 4243 432 4305 dorrige
444 4241 638 4308 ‚prosectnras“
649 4246 752 4294 nondum
763 4245 824 4293 enim
834 4245 951 4310 proiectus
964 4247 1019 4296 erat.
