3048 4944
637 218 849 281 „62-

181 405 239 464 tria
258 421 368 481 magna
389 411 621 484 composuerunt
644 408 797 481 chronica,
821 427 856 468 ex
871 409 979 486 quibus
995 409 1056 470 iere
1072 410 1146 470 solis
1160 408 1313 469 historiae

186 507 311 566 scientia
327 508 377 567 diu
392 509 593 569 hauriebatur.
601 504 651 588 167)
889 493 891 496 ⁵

246 608 294 668 Ita
315 610 425 670 lactum
447 615 507 683 est,
529 616 562 670 ut
584 612 653 671 illae
669 613 705 672 de
725 613 847 672 immani
863 613 1037 673 crudelitate
1053 613 1173 673 Henriei
1187 612 1305 672 fabulae

182 712 271 770 etiam
287 712 398 772 nostris
414 714 601 790 temporibus
617 714 666 773 hic
682 720 712 774 et
727 715 788 781 illio
803 722 1003 792 emergerent,
1020 721 1050 776 et
1064 717 1171 776 iterum
1186 716 1305 774 iterum-

184 831 240 889 que
255 818 470 891 repeterentur.
479 810 529 890 168)

246 914 309 975 Nos
331 933 416 987 vero,
438 933 513 992 quae
534 917 655 976 tradunt
677 919 817 994 aequales
839 925 1013 996 sequentes,
1036 920 1104 978 illas
1122 919 1158 978 de
1180 919 1305 996 direptis

183 1018 345 1094 sepulcris,
374 1017 410 1076 de
431 1018 595 1079 interfectis
622 1038 716 1097 prope
736 1020 914 1081 Panormum
942 1022 1110 1099 episcopis,
1138 1021 1174 1080 de
1195 1026 1306 1080 castra·

186 1119 266 1180 tione
297 1117 437 1180 Guilelmi
467 1121 599 1194 fabulas,
630 1123 729 1182 omnia
759 1123 901 1198 denique,
937 1141 1013 1200 quae
1043 1123 1149 1182 diffuse
1179 1123 1306 1198 lateque,

183 1239 259 1296 quae
275 1222 498 1282 accuratissime
515 1224 736 1298 describantur,
758 1243 836 1283 vana
857 1226 976 1285 omnino
992 1226 1119 1302 fictaque
1141 1243 1223 1296 esse,
1244 1225 1307 1283 fore

184 1328 217 1382 ut
232 1324 306 1383 haee
321 1330 425 1384 nostra
440 1325 631 1402 investigatio
648 1326 806 1403 perspicue
823 1327 1081 1398 demonstraverit,
1098 1344 1264 1404 speramus.

248 1425 286 1485 Et
300 1444 478 1502 quamquam
495 1433 606 1486 tantam
624 1429 829 1501 severitatem,
853 1435 992 1504 quantam
1019 1429 1186 1489 exercuisse
1202 1428 1306 1487 Henri-

186 1546 250 1587 cum
273 1529 452 1606 optimorum
472 1516 827 1590 auctorum'tcstimoniis
843 1537 973 1604 constat,
998 1531 1119 1590 minime
1136 1531 1305 1608 probamus,
1369 1532 1371 1539 '

184 1635 284 1689 tamen
312 1631 419 1706 quibus
443 1638 613 1707 excusetur,
645 1650 704 1691 nou
728 1633 844 1692 desunt.
866 1664 907 1672 -
937 1633 1003 1693 Illis
1027 1634 1213 1710 temporibus
1236 1631 1308 1690 talia

186 1733 337 1810 supplicia
352 1739 437 1792 erant
459 1734 548 1810 vulgo
569 1735 694 1806 usitata,
715 1753 810 1811 neque
832 1735 993 1810 singularis
1011 1735 1193 1794 crudelitatis
1211 1735 1306 1809 signa.

185 1867 222 1875 -
242 1835 366 1893 Accedit
382 1835 462 1911 quod
479 1836 547 1895 illos
564 1837 716 1913 principes
738 1837 767 1894 in
784 1837 885 1896 Sicilia
900 1837 1066 1912 relinquere
1084 1837 1228 1896 Henricus
1250 1853 1307 1893 non

185 1937 299 2013 potuit,
332 1937 472 2012 quoniam
507 1939 751 2014 quotiescumque
778 1939 947 2015 potuissent
978 1939 1140 1998 seditiones
1172 1955 1307 2012 novaque

185 2039 265 2098 bella
280 2039 454 2099 movissent.
486 2038 517 2098 Si
534 2041 780 2117 conspiraverant
796 2041 936 2116 denique,
953 2041 1047 2116 quod,
1071 2059 1135 2098 cum
1156 2040 1222 2099 sola
1242 2039 1308 2098 libi·

186 2141 254 2200 dine
271 2146 448 2200 commotum
465 2145 548 2200 tanta
564 2143 714 2220 supplicia
729 2142 896 2219 sumpsisse
914 2142 1073 2202 Henricum
1089 2143 1137 2201 vix
1156 2142 1309 2218 possimus

187 2243 322 2314 credere,
344 2243 430 2302 factis
447 2244 563 2303 videtur
578 2245 714 2321 probari,
732 2243 877 2303 Henricus
893 2245 990 2318 magis
1006 2244 1050 2302 ira
1065 2244 1204 2303 incitatus
1221 2261 1308 2319 quarn

186 2345 371 2404 considerate
399 2346 473 2420 egit,
508 2353 572 2417 aut,
606 2347 686 2404 nullo
714 2345 801 2405 modo
829 2346 887 2404 nisi
914 2347 1073 2404 severitate
1102 2346 1223 2405 Italicos
1251 2345 1308 2404 sibi

186 2447 383 2523 omnibusque
400 2447 591 2506 Theutonicis
612 2454 673 2506 tam
694 2447 802 2507 infidos
822 2448 886 2522 regi
903 2465 994 2523 posse
1011 2453 1040 2505 et
1064 2447 1162 2522 subigi
1183 2448 1308 2506 arbitra-

187 2554 235 2608 tus
252 2555 306 2608 est.

251 2650 309 2710 Sed
326 2651 425 2709 dehis
447 2651 537 2722 satis3
559 2669 634 2727 quae
651 2670 736 2723 vera,
758 2669 833 2728 quae
849 2651 926 2710 falsa
942 2651 977 2710 de
993 2652 1049 2709 hae
1069 2669 1100 2710 re
1117 2651 1227 2710 tradita
1251 2651 1310 2709 siut

187 2754 367 2813 discrevisse
391 2753 509 2812 sufficit.
542 2753 645 2812 Utrum
667 2772 741 2829 quae
763 2753 865 2812 fecerit
880 2753 1026 2811 Henricus
1048 2753 1204 2830 probanda
1225 2753 1306 2810 vide·

185 2863 272 2915 antur
305 2875 342 2914 an
373 2855 584 2932 improbanda,
613 2875 681 2914 num
712 2857 880 2914 excusanda
902 2875 939 2913 an
963 2855 1144 2928 damnanda,
1174 2855 1253 2932 apud
1277 2872 1309 2912 se

190 2959 316 3034 quisque
333 2958 482 3016 diiudicet.

253 3059 461 3118 Genuensibus
477 3059 639 3136 imperator
655 3059 806 3136 promissa
821 3077 877 3116 non
894 3055 1032 3132 fecit.¹‘²⁹)
1064 3059 1180 3134 Neque,
1198 3058 1224 3117 si
1240 3075 1307 3115 con·

189 3162 370 3232 sideramus,
388 3181 475 3237 quam
493 3161 585 3219 multa
600 3167 629 3219 et
644 3166 755 3236 quanta
774 3161 811 3220 iis
828 3161 1010 3236 promiserit,
1033 3179 1172 3235 umquam
1192 3159 1245 3217 illa
1266 3160 1309 3217 fa-

189 3282 255 3323 cere
271 3265 301 3322 in
317 3269 414 3322 mente
431 3265 457 3322 ei
473 3263 566 3322 fuisse
582 3268 730 3338 putamus.

255 3468 430 3526 Narratione
457 3468 493 3526 ad
518 3467 707 3543 propositum
734 3466 821 3524 finem
842 3467 1000 3543 perducta,
1028 3485 1124 3543 pauca
1145 3467 1180 3524 de
1201 3465 1310 3522 consti·

190 3571 304 3628 tutione
319 3570 404 3644 regni
421 3568 612 3628 Normannici
629 3574 771 3642 regnante
789 3567 916 3626 Henrico
935 3567 973 3624 Vl
990 3568 1131 3626 dicemus.
1214 3582 1217 3586 ·

256 3733 302 3796 167)
322 3741 348 3784 ln
360 3741 435 3784 auimo
453 3741 517 3782 suut:
535 3731 672 3782 Lelrmaun's
685 3739 830 3796 speyerische
848 3738 944 3782 chronik
962 3739 996 3782 ed.
1010 3737 1098 3790 FuchS‚
1115 3737 1133 3781 F
1135 3734 1220 3780 raucos.
1237 3737 1310 3780 1698.

187 3816 228 3860 161.
243 3839 276 3846 ——
290 3817 383 3861 Crusius
401 3815 557 3860 schwdbische
570 3815 665 3859 chronik
683 3815 718 3859 ed.
732 3815 819 3870 Moser,
833 3814 923 3860 Franci.
938 3815 1010 3858 1733.
1028 3814 1067 3858 fol.
1081 3813 1097 3857 l.
1115 3827 1166 3871 prag.
1181 3813 1237 3856 674.
1254 3814 1310 3858 677.

188 3906 238 3950 sqq.
252 3917 285 3923 —
299 3893 419 3950 Tsohudy,
435 3893 512 3936 chron.
525 3891 668 3936 Helveticum
681 3893 716 3936 ed.
730 3892 807 3936 lseliu.
826 3891 895 3936 Basil.
911 3891 982 3934 1734.
1001 3890 1040 3934 iol.
1054 3889 1069 3934 l.
1088 3903 1110 3947 p.
1125 3890 1164 3933 69.

257 3960 303 4022 168)
323 3968 410 4020 Lenze,
429 3968 488 4012 sulla
501 3969 657 4012 dominacione
671 3969 731 4024 degli
749 3969 817 4012 Suevi
834 3969 856 4011 in
870 3965 954 4010 Sicilia.
974 3965 1076 4030 Palermo
1091 3967 1147 4010 83⁶2.
1167 3959 1202 4010 8⁰.
1220 3990 1253 3996 -
1272 3966 1311 4010 Di.

188 4043 251 4088 Blssi
264 4044 303 4088 lll.
318 4038 392 4089 3:35¹).
408 4040 483 4088 338¹).
502 4067 535 4074 —
552 4045 643 4101 Psgano
656 4048 710 4088 stor.
725 4045 748 4088 di
760 4044 816 4101 Nep.
835 4041 947 4097 (Palenno
961 4043 1017 4085 832.
1031 4040 1091 4100 sqq.)
1105 4041 1133 4086 ll.
1148 4044 1169 4086 1.
1183 4041 1212 4086 ll.
1227 4044 1265 4086 1¹2.
1279 4065 1311 4071 —

189 4120 280 4172 Canale,
295 4121 365 4164 storia
378 4121 414 4165 dei
428 4121 539 4164 Genuvesi
553 4118 654 4175 (Genova
668 4119 734 4175 844.)
749 4119 776 4163 ll.
790 4119 839 4162 init.
859 4117 931 4162 Etiam
944 4118 1004 4176 apud
1017 4118 1101 4163 multos
1115 4118 1276 4163 Theutonicos.

258 4189 304 4252 ¹⁶9)
322 4211 343 4240 v.
358 4196 496 4242 Ottobouum
510 4199 566 4242 371.
583 4198 639 4242 374.
