3048 4944
644 354 858 418 ..33-

192 561 249 620 que
270 562 364 622 aeque
380 563 415 604 ac
429 545 556 630 Romani
578 540 734 622 oderat⁷³).
761 544 960 606 Romanorum
981 543 1155 622 petitionem
1175 561 1313 604 recusare

167 659 170 664 ’
195 663 254 705 uon
270 647 377 723 potuit,
391 665 456 706 curn
468 647 592 706 Romani
604 646 706 724 paullo
718 651 790 706 ante
802 645 947 706 Clementi
962 646 1155 718 antecessori,
1170 651 1204 706 ut
1215 664 1250 706 ex
1265 665 1313 706 ex·

192 747 260 806 silio
275 747 399 807 Romam
414 753 622 821 reverteretur,
638 742 901 826 permisissencw).
918 747 1052 823 Denique
1067 747 1127 824 ipsi
1143 747 1313 808 Goelestino

192 848 441 921 Tusculi,veteris
449 850 661 928 imperatorum
669 849 821 927 praesidii,
829 849 936 909 dirutio
946 866 1004 908 non
1017 849 1075 908 nisi
1087 851 1314 926 exoptatissima

193 967 261 1010 esse
281 951 387 1027 potuit.
419 951 503 1011 Unde
518 952 628 1011 tactum
643 958 700 1024 est,
715 957 748 1010 ut
762 951 962 1029 Romanorum
983 951 1120 1028 petitioni
1136 951 1312 1027 indulgeret.

192 1083 234 1092 —
258 1050 359 1128 Neque
375 1053 671 1130 praetermittendum
688 1059 744 1124 est,
761 1052 839 1129 quod
856 1051 1044 1112 Goelestinus
1061 1053 1312 1114 consecrationem

194 1171 277 1212 suam
293 1171 386 1232 usque
402 1155 440 1215 ad
456 1155 484 1214 d.
505 1159 552 1214 13.
569 1173 633 1232 apr.
650 1155 780 1227 distulit,
799 1154 829 1214 id
846 1159 893 1214 est
907 1153 945 1214 ad
961 1153 990 1213 d.
1007 1158 1076 1214 ante
1092 1156 1314 1216 coronationem

193 1254 313 1314 Henrici
335 1255 385 1316 VI.
421 1256 486 1316 Hoc
511 1257 601 1316 modo
625 1257 713 1316 etiam
738 1256 959 1317 coronationem
979 1255 1166 1333 imperialem
1188 1256 1313 1329 distulit,

193 1357 287 1416 donec
301 1356 448 1418 Henricus
463 1358 605 1418 Romanis
626 1358 838 1431 satisfecisset,
860 1374 954 1433 eoque
976 1375 1010 1418 se
1031 1358 1151 1417 omuino
1171 1358 1313 1418 adiuvare

192 1458 392 1519 Romanorum
403 1459 575 1538 petitionem
588 1459 678 1536 plane
690 1459 830 1520 ostendit.
852 1493 884 1504 -
902 1458 1037 1534 Denique
1053 1464 1171 1518 exstant
1182 1459 1312 1531 tabulae,

192 1560 300 1636 quibus
322 1565 444 1620 senatus
471 1561 660 1638 populusque
683 1561 834 1632 Romanus
861 1577 959 1636 papae
984 1565 1094 1620 terram
1116 1560 1314 1620 Tusculanam

192 1663 294 1722 statim
316 1667 387 1739 post
408 1661 585 1722 dirutionem
607 1663 739 1723 restituit
761 1661 836 1736 (vid.
858 1661 925 1720 adn.
943 1660 1019 1735 85.).
1053 1661 1198 1738 Apertum
1223 1662 1314 1738 igitur

193 1769 248 1835 est,
263 1763 321 1822 hoc
337 1763 394 1823 sibi
410 1782 520 1841 papam
536 1783 554 1823 a
568 1764 711 1824 Romanis
726 1763 914 1844 postulasse,
931 1762 1104 1840 priusquam
1120 1781 1186 1824 eam
1201 1763 1239 1824 iis
1254 1769 1313 1824 tra-

193 1865 329 1937 didisset,
345 1865 392 1925 vel
407 1865 496 1924 etiam
508 1866 670 1925 tradidisse
682 1883 748 1925 eum
756 1865 899 1926 Romanis
914 1865 1017 1926 urbem
1034 1865 1122 1926 modo
1139 1883 1175 1924 ea
1188 1865 1313 1938 ratione,

193 1971 226 2025 ut
241 1967 386 2027 dirutione
407 1972 437 2026 et
451 1968 619 2027 vastatione
635 1967 733 2043 urbis,
754 1965 962 2044 persecutione
983 1971 1013 2025 et
1032 1955 1190 2044 suppliciis
1206 1967 1314 2026 civium

193 2069 269 2127 iram
289 2073 320 2127 et
340 2069 440 2128 odium
463 2073 566 2128 contra
586 2086 638 2128 eos
659 2068 826 2145 explerent,
848 2066 906 2126 sibi
921 2085 992 2126 vero
1014 2068 1074 2144 ipsi
1089 2068 1315 2145 possessionem

194 2176 292 2229 terrae
319 2169 405 2245 quasi
434 2169 615 2246 praemium,
643 2168 721 2244 quod
747 2187 766 2228 a
794 2168 930 2245 partibus
956 2167 1156 2228 Romanorum
1182 2173 1315 2242 steterat,

193 2269 372 2330 vindicasse.

258 2370 372 2446 Quibus
401 2373 538 2433 omnibus
569 2372 803 2432 demonstratum
833 2389 901 2432 esse
935 2377 1093 2449 putamus,
1126 2371 1313 2432 coniunctum

193 2472 286 2534 luisse
301 2491 411 2552 papam
428 2492 492 2534 oum
508 2473 661 2533 Romanis.

256 2575 400 2636 Diffusius
422 2576 569 2652 Rogerius
592 2575 629 2635 de
651 2575 796 2634 Hoveden
819 2574 856 2634 de
881 2575 1069 2635 restitutione
1095 2575 1216 2634 Tusculi
1241 2575 1313 2650 agit.

194 2675 285 2736 Cuius
311 2678 442 2736 narratio
469 2677 618 2737 consentit
643 2695 709 2736 oum
735 2694 787 2752 eo,
813 2677 891 2752 quod
919 2695 1012 2754 supra
1035 2677 1314 2737 demonstravimus.

194 2777 309 2854 Papam
325 2779 501 2838 convenisse
517 2796 583 2838 oum
598 2778 740 2838 Romanis
756 2778 792 2837 de
807 2778 863 2838 hac
877 2777 1021 2855 petitione
1037 2795 1160 2854 eamque
1175 2797 1234 2837 una
1249 2796 1315 2838 cum

194 2877 263 2936 aliis
279 2877 498 2938 conditionibus
514 2879 578 2955 regi
594 2879 791 2956 proposuisse
807 2885 910 2956 aperte
925 2880 1025 2938 uadit.
1048 2879 1107 2940 Sed
1122 2898 1185 2939 rem
1200 2876 1236 2938 e‘x
1251 2880 1314 2939 fou-

193 2979 274 3039 tibus
294 2979 352 3040 tide
374 2981 560 3056 dignissimis
582 2980 761 3040 constituere
777 2980 949 3052 maluimus,
965 2998 1054 3057 quam
1069 2981 1190 3056 Rogerii
1213 3000 1315 3040 narra-

194 3080 322 3154 tionem,
339 3081 376 3142 de
392 3082 456 3142 eius
472 3083 597 3142 veritate
613 3099 672 3142 non
688 3087 880 3157 quaerentes,
903 3081 1003 3158 sequi,
1025 3087 1128 3158 utpote
1145 3082 1247 3158 quide
1267 3100 1315 3142 co-

193 3183 348 3242 ronatione
371 3184 440 3260 ipsa
461 3184 555 3243 multa
577 3183 647 3242 tiela
669 3182 749 3242 dicat
771 3189 801 3242 et
825 3183 892 3241 aliis
914 3199 1031 3259 quoque
1057 3183 1131 3242 locis
1153 3183 1317 3244 falsissima

194 3281 308 3340 afferat.
902 3259 907 3270 ⁶
1345 3281 1349 3290 '

261 3380 374 3456 Quare,
396 3385 444 3444 his
461 3387 598 3448 omnibus
614 3385 799 3458 constitutis,
815 3403 891 3462 quae
906 3385 1040 3445 nonnulli
1059 3385 1193 3459 tradunt,
1208 3385 1315 3446 Roma·

194 3501 263 3554 nos,
285 3502 351 3544 cum
372 3485 518 3548 Henricus
534 3488 575 3546 VI
596 3493 799 3558 coronaretur,
821 3492 925 3564 portas
940 3487 1023 3546 urbis
1038 3486 1171 3546 tenuisse
1186 3487 1315 3561 clausae,

194 3573 313 3646 omnino
334 3604 402 3647 esse
422 3587 499 3647 falsa
519 3595 654 3667 apparet.
688 3589 805 3648 Etenim
826 3607 892 3648 eum
907 3587 1028 3647 Tusculi
1042 3587 1191 3648 restitutio
1211 3589 1249 3649 iis
1265 3589 1316 3649 de-

196 3687 312 3748 buisset
333 3689 458 3762 sanciri,
479 3677 652 3768 priusquam
669 3689 814 3750 Henricus
830 3695 987 3750 coronatus
1008 3694 1104 3761 esset,
1124 3690 1206 3750 nullo
1226 3691 1315 3750 modo

196 3786 322 3865 intelligi
342 3797 445 3868 potest
459 3809 550 3868 quare
564 3791 690 3851 Romani
704 3809 807 3866 regem
822 3791 859 3850 ab
876 3789 998 3848 introitu
1012 3789 1095 3849 urbis
1111 3787 1315 3865 arcuerintffl).

197 3920 398 3934 ἣ·-

265 4003 298 4066 ⁷8)
317 4011 416 4072 Pompeo
427 4013 495 4068 Licca
508 4013 609 4071 famiglie
621 4011 705 4059 celebri
717 4011 817 4060 italicae.
836 4011 922 4058 Milano
935 4012 991 4058 846.
1003 4010 1044 4056 iol.
1057 4011 1145 4056 Fascio.
1159 4012 1199 4066 62,
1211 4012 1288 4058 tavols
1297 4011 1315 4058 l.

263 4078 297 4142 ⁷9)
317 4086 495 4136 conventionem
508 4090 631 4136 Clementis
644 4089 676 4135 lll
693 4103 744 4135 cum
756 4088 863 4134 Romanis
876 4089 898 4133 d.
912 4088 934 4133 d.
948 4089 988 4133 31.
1000 4089 1066 4132 mart.
1081 4087 1145 4132 1188
1159 4088 1231 4133 edidit
1242 4089 1316 4134 Murs-

194 4161 267 4206 torius
279 4162 373 4220 Autiqn.
384 4163 436 4210 Ital.
448 4165 488 4211 111.
502 4166 559 4211 785.

263 4228 297 4293 80)
316 4237 351 4282 lta
362 4237 487 4285 Rcumerus
500 4239 528 4285 ll.
541 4242 590 4286 356
608 4257 705 4302 sequens
722 4241 842 4298 Rogoriunr
859 4241 887 4286 ab
899 4240 987 4284 Hoved.
1014 4239 1114 4286 Eeoutrc
1126 4240 1179 4286 Otto
1192 4241 1216 4286 S.
1229 4241 1283 4286 Blas
1295 4255 1315 4286 c.

195 4313 309 4359 xxxid:
322 4313 400 4360 Heinr.
413 4329 453 4360 rex
465 4329 478 4360 e
491 4316 620 4363 Coelestino
638 4331 698 4376 papa
713 4317 811 4375 gloriose
823 4319 955 4375 susceptus,
969 4317 997 4362 sb
1009 4331 1080 4376 eoque
1093 4319 1193 4364 omnium
1205 4318 1316 4364 Romano-

1094 4396 1110 4448 3
