3048 4944
642 297 854 364 ..49-

251 491 324 550 Tum
346 492 426 552 omni
447 509 503 569 spe
523 491 608 570 pacis
628 491 783 569 adempta,
805 490 977 551 'l'ancredus
1001 490 1101 552 statim
1122 487 1181 549 alia
1203 489 1241 549 ad
1261 489 1310 550 fir·

186 593 327 652 mandem
342 609 467 669 regnum
484 593 610 654 consilia
625 593 713 669 cepit.
737 591 801 652 Iam
817 609 920 653 mense
936 601 1064 669 augusto
1076 611 1103 651 a.
1120 591 1311 669 119911089-

137 679 145 696 ”
185 695 261 754 rium
275 693 369 756 tilium
382 712 484 772 regem
497 696 702 771 constituerat,
716 694 807 753 liliam
820 694 927 753 deinde
941 694 968 754 ei
982 693 1137 770 Byzantiui
1150 693 1311 771 imperato-

185 797 228 856 ris
243 795 362 858 Irenam
379 798 583 875 desponsavit.
592 791 641 875 ¹²²)
671 795 737 872 Quo
753 796 939 856 matrimonio
956 795 1127 855 Tancrodus
1147 813 1206 854 non
1222 795 1310 854 modo
1383 821 1388 830 ·

190 897 333 960 familiam
364 917 448 961 suam
475 896 675 976 legitimorum
704 899 872 976 principum
897 897 1018 958 familiis
1045 897 1225 970 inseruerat,
1257 897 1311 956 sed

188 1005 341 1078 potentem
357 1019 474 1079 quoque
490 1002 603 1062 socium
620 1001 677 1062 sibi
694 1005 929 1079 comparaverat.
944 1031 985 1042 -
1001 999 1125 1059 Aestate
1140 1017 1167 1058 a.
1186 1001 1264 1058 1193
1282 999 1310 1057 iu

189 1101 355 1163 Calabriam
370 1121 437 1163 oum
449 1101 510 1162 filio
523 1104 685 1183 proiectus,
698 1099 849 1162 Brundisii
862 1119 1006 1178 sponsam
1019 1101 1136 1180 excepit
1150 1101 1250 1178 ibique
1259 1119 1312 1160 nu·

189 1205 269 1281 ptias
285 1223 399 1266 summo
416 1206 577 1284 splendore
593 1205 763 1266 celebravit.
801 1203 916 1263 Deinde
939 1203 1085 1264 adversus
1105 1203 1223 1264 hostem
1245 1219 1311 1262 cum

190 1307 318 1368 exercitu
348 1325 543 1386 progressus,
584 1307 665 1386 apud
696 1306 826 1366 llontem
861 1305 1020 1365 Fuseuluru
1057 1310 1155 1366 castra
1184 1310 1312 1366 metatus

187 1483 390 1493 *-

256 1598 346 1658 Optime
364 1599 471 1644 convenit
487 1611 538 1644 cum
555 1597 669 1644 sententia
685 1596 780 1643 anobis
797 1610 867 1656 snpra
883 1596 998 1654 exposita,
1016 1597 1078 1655 qnod
1095 1611 1124 1642 ex
1135 1596 1208 1642 literis
1220 1596 1313 1642 Hearioi

188 1673 218 1719 ad
229 1688 328 1734 papemf
339 1687 397 1734 quas
410 1674 531 1732 exscripsit
543 1659 661 1718 Mobillon.
685 1673 771 1718 Summ.
788 1673 865 1718 Privil.
885 1673 958 1717 1249.
974 1673 1135 1730 intelligimus,
1152 1673 1214 1733 quod
1230 1674 1312 1720 Heus:

188 1749 304 1808 significat
315 1750 475 1810 respondendo
487 1750 570 1795 litteris
582 1763 667 1808 papae,
685 1749 747 1808 quod
764 1749 792 1794 de
808 1749 895 1806 treugis
913 1747 1024 1793 iaciendis
1040 1749 1190 1808 interipsum
1207 1753 1230 1795 et
1241 1750 1314 1795 ecole-

189 1829 247 1872 sianr
258 1831 381 1876 tractatum
392 1827 492 1888 aliquem
503 1841 549 1873 non
561 1827 703 1881 admitteret,
720 1826 762 1872 sed
777 1824 837 1870 bane
848 1837 927 1884 paoem
944 1827 968 1869 ct
984 1826 1119 1872 concordiae
1131 1826 1314 1872 reformationem

190 1903 294 1959 affectat,
306 1907 334 1948 ul
350 1899 426 1949 ru'rlel.
445 1916 547 1964 reguum
565 1897 674 1948 Siciliae
693 1906 744 1948 tura
762 1899 884 1947 iniuriose
903 1911 976 1962 quum
992 1897 1137 1962 proddorr'e
1153 1905 1313 1964 europalate,

190 1971 225 2024 ea'
239 1993 303 2042 puae
321 1975 421 2026 deberet
435 1993 504 2043 pace
519 1977 652 2042 possidere
670 1976 775 2026 caleret.
812 1979 886 2037 Super
902 1990 947 2035 quo
964 1991 1047 2036 papam
1064 1978 1185 2034 sollicitet,
1203 1981 1229 2024 nl
1244 1979 1273 2024 ad
1291 1979 1314 2023 id
1402 2041 1405 2046 Ι

189 2057 347 2115 exequendum
359 2071 436 2104 euram
449 2055 556 2102 adhibeat
567 2056 700 2114 diligentem
712 2059 756 2102 cet.

259 2126 305 2190 ¹⁹⁷)
324 2134 391 2180 Rich.
405 2135 429 2180 S.
442 2135 517 2179 Germ.
528 2133 590 2178 912:
602 2145 642 2178 rex
654 2130 684 2189 (a.
696 2131 770 2189 1191)
783 2131 937 2178 Brundusium
946 2143 971 2175 se
983 2130 1111 2186 conterens,
1123 2132 1152 2176 de
1161 2131 1209 2177 lilio
1218 2130 1314 2190 Rogerio

189 2224 242 2256 cum
252 2210 342 2256 lseobio
356 2210 530 2272 Constpolitnuo
547 2209 602 2276 imp.
619 2209 648 2254 de
658 2207 744 2254 Urania
758 2208 807 2254 filia
823 2223 864 2254 sua
876 2207 990 2254 combuxit
1002 2210 1025 2252 et
1042 2205 1138 2272 nuptiis
1154 2209 1216 2268 apud
1227 2209 1314 2256 Brund.

191 2280 338 2344 celebratis,
351 2287 427 2346 ibique
439 2286 487 2331 fillo
500 2299 541 2331 suo
555 2287 675 2330 coronato
692 2283 719 2330 iu
737 2295 829 2344 regem,
841 2297 881 2328 ren
894 2283 968 2329 dictus
981 2298 1033 2330 oum
1045 2284 1160 2344 triumpho
1173 2288 1195 2338 et
1208 2285 1279 2342 glorie
1291 2286 1315 2330 iu

191 2361 291 2407 Siciliam
304 2364 420 2410 remearit.
433 2387 466 2394 —
484 2359 555 2418 Quem
568 2362 640 2407 secuti
653 2363 706 2407 sunt
717 2359 866 2414 Muratorius,
885 2359 1038 2416 Glannonius,
1055 2359 1192 2416 Ronmanis,
1211 2361 1315 2418 Pogonus

189 2441 227 2486 ist.
246 2441 270 2486 di
285 2439 368 2500 Nupoli
387 2439 479 2494 1415,
503 2439 571 2484 etiam
592 2436 857 2492 Di·slnsins11.sstb‚
880 2437 920 2495 qul
940 2449 977 2482 res
992 2436 1154 2496 Neapolitanas
1176 2437 1248 2484 multo
1264 2451 1314 2483 cum

188 2518 279 2576 ingenio
291 2520 314 2563 et
325 2518 416 2576 praeter
428 2518 515 2562 ceteras
527 2515 694 2576 praecellentes
707 2515 807 2574 scripsit.
1114 2571 1115 2576 ¹

257 2593 331 2640 Aliter
342 2595 419 2645 narrat
430 2594 474 2637 An.
485 2592 574 2638 Cassin.
585 2592 625 2637 72.
638 2592 668 2637 ad
681 2606 702 2636 a.
717 2591 794 2636 119s:
807 2604 846 2636 rex
858 2591 882 2636 in
894 2590 1001 2649 Apuliam
1012 2591 1120 2646 veniens,
1137 2587 1233 2652 recepit
1244 2590 1315 2636 fillum

188 2669 331 2730 imperatoris
341 2669 462 2715 Gonsttani
475 2666 501 2712 io
514 2680 615 2713 uror-eur
627 2668 724 2726 Rogerio
733 2666 781 2712 illio
792 2679 833 2711 suo
847 2661 939 2711 dudum
952 2663 979 2710 iu
992 2677 1075 2728 regem
1089 2669 1217 2712 coronato.
1229 2689 1262 2696 —
1275 2665 1315 2710 Er-

189 2759 251 2790 rssse
263 2745 403 2792 bichardum
415 2747 438 2792 et
449 2759 528 2790 rerum
540 2744 663 2790 tradidisse
676 2757 813 2802 anonymum
829 2757 902 2804 nuper
918 2757 940 2788 r.
959 2743 1020 2790 doct.
1035 2742 1086 2788 ileo
1098 2743 1136 2790 XI.
1150 2743 1190 2792 69.
1204 2743 1255 2788 luce
1268 2741 1314 2787 cla-

190 2822 238 2866 rius
250 2822 421 2868 demonstravit.
440 2821 492 2866 Non
501 2821 569 2866 modo
579 2835 609 2866 cx
616 2820 725 2878 temporis
734 2819 905 2866 conditionibus
917 2833 1005 2868 enasse
1017 2818 1156 2866 Richardunr
1165 2819 1316 2864 demonstrari

190 2899 267 2956 potest
278 2921 311 2930 -
323 2898 385 2958 quod
394 2897 487 2956 longum
496 2900 572 2942 est—
581 2910 660 2942 verum
671 2897 740 2942 etiam
750 2911 779 2942 ex
791 2897 856 2956 dipll.
874 2897 996 2953 Rogerinm
1005 2910 1046 2942 seu
1054 2899 1108 2956 post
1117 2897 1232 2942 ineuntem
1242 2910 1271 2940 ιιι.
1281 2896 1315 2940 iu·

190 2972 249 3020 lium·
258 2988 299 3020 seu
310 2989 340 3020 nr.
353 2987 404 3031 aug.
419 2975 483 3019 1199
497 2976 630 3019 coronatum
642 2986 692 3018 esse
704 2977 807 3030 apertum
818 2975 860 3018 est.

258 3048 280 3108 a)
298 3051 418 3114 inscriptio
435 3050 546 3108 quaedam
562 3049 722 3095 Brundusium
738 3049 771 3093 sic
787 3047 878 3092 findor:
895 3049 923 3092 A.
938 3049 1002 3094 1192
1020 3051 1127 3105 regnante
1145 3048 1220 3094 Turdo
1238 3061 1258 3094 a.
1276 3047 1315 3094 ill.

190 3128 214 3170 et
224 3125 323 3172 ielieiter
334 3140 397 3184 regn.
409 3126 439 3172 D.
452 3126 544 3184 glorios.
559 3118 627 3186 Rege
640 3118 749 3184 Reperio
755 3118 796 3184 fil.
813 3120 867 3166 eius
880 3135 905 3166 o.
919 3117 942 3178 I,
955 3138 1032 3170 meuse
1044 3127 1140 3182 augusto
1153 3124 1201 3169 ind.
1214 3124 1241 3170 X.
1256 3123 1316 3180 (Meo

193 3201 232 3248 XI.
245 3201 294 3260 bl.)

262 3275 286 3334 b)
305 3278 362 3337 dipl.
373 3278 486 3324 Tancredi
499 3278 557 3322 exit:
571 3291 591 3322 a.
605 3279 669 3323 1199
683 3291 712 3323 m.
724 3275 810 3322 inllll.
823 3276 870 3321 ind.
883 3275 947 3332 regni
959 3274 1028 3320 Turdi
1039 3274 1069 3320 D.
1082 3289 1114 3332 gr.
1127 3275 1186 3334 regis
1199 3275 1246 3322 Sic.
1257 3275 1316 3321 Duc.

190 3353 260 3414 Apul.
273 3353 348 3400 Prluc.
367 3354 422 3413 (lep.
435 3367 456 3400 a.
470 3353 509 3400 lV.
533 3347 618 3414 Regni
633 3367 726 3416 quoque
740 3347 775 3399 I).
787 3347 893 3414 lupari
905 3351 933 3398 D.
947 3365 980 3408 gr.
997 3351 1094 3398 illustris
1112 3352 1182 3409 regis,
1200 3352 1243 3398 lilii
1259 3353 1315 3405 eius,

191 3441 247 3492 curu
261 3426 345 3476 eodem
359 3425 382 3473 rl.
394 3441 436 3489 gr.
449 3439 509 3489 reqe
520 3423 631 3488 gloriose
642 3426 776 3490 regnantis
788 3443 814 3474 a.
827 3423 849 3475 I.
868 3426 928 3484 (Meo
940 3427 978 3472 lll.
992 3426 1042 3484 ll.)

259 3504 281 3563 o)
300 3505 357 3566 dipl.
369 3505 485 3563 Margariti
501 3506 561 3550 exite
575 3519 596 3550 a.
611 3506 674 3550 1193
692 3519 722 3550 m.
735 3506 857 3566 septembr.
869 3505 918 3550 ind.
931 3505 981 3550 Xll.
994 3505 1169 3562 regni-Tordi
1181 3519 1202 3551 a.
1216 3504 1254 3550 lv.
1266 3503 1317 3550 ieli-

189 3584 246 3628 citer
258 3583 383 3644 regnante
395 3592 449 3625 curm
462 3595 490 3627 eo
501 3576 596 3628 illustr.
604 3576 644 3644 fil.
657 3581 711 3626 eius
723 3575 834 3642 Reperio
848 3595 872 3625 α.
887 3575 904 3624 I
905 3575 927 3626 I.
940 3579 1007 3636 (Pirri
1020 3581 1044 3626 S.
1055 3582 1079 3627 S.
1092 3580 1209 3639 Messius.)

260 3651 396 3720 Reperiam
415 3660 462 3702 aut
478 3660 582 3704 exerrare
600 3669 631 3704 m.
651 3652 696 3703 iul.
716 3660 761 3702 unt
779 3669 810 3704 m.
829 3661 936 3718 augurato
955 3650 1026 3702 1192
1048 3671 1131 3718 regem
1143 3657 1245 3720 sircluru
1264 3669 1317 3706 esee

192 3747 221 3780 ex
231 3733 267 3782 his
280 3735 384 3781 efficitur.

261 3806 296 3858 Α.
315 3803 382 3854 1191
405 3803 539 3869 liopertum
554 3804 641 3854 ducem
655 3803 769 3869 Apuliae
780 3809 882 3872 suctum
897 3820 962 3864 esse,
980 3809 1148 3855 demonstretur
1161 3809 1224 3856 hisce
1237 3808 1315 3869 dipll.:

261 3883 282 3942 a)
301 3888 347 3934 exit
359 3885 416 3946 dipl.
430 3885 511 3932 Turdi:
525 3899 545 3930 a.
560 3886 622 3932 1191
637 3900 667 3932 m.
681 3886 734 3932 maii
745 3885 818 3943 Regni
828 3909 862 3915 —
875 3885 944 3930 Tcrdi
956 3899 976 3930 a.
989 3885 1022 3940 ll,
1039 3878 1154 3930 Dor-atus
1164 3899 1219 3932 vero
1232 3887 1254 3932 d.
1268 3879 1317 3932 Ro·

190 3958 267 4022 perir',
281 3962 348 4021 dgr.
361 3963 391 4022 gl.
404 3962 477 4008 Ducis
489 3961 594 4022 Apuliae,
606 3962 648 4008 filii
660 3963 717 4018 eius,
730 3975 755 4008 u.
769 3955 792 4005 I.
806 3960 915 4022 (Tromby
927 3964 982 4008 stor.
996 3962 1033 4010 del
1045 3963 1123 4008 ordine
1137 3963 1316 4010 GartusisnoIV.

191 4052 244 4100 app.
256 4037 286 4084 11.
299 4039 366 4098 939.)
1031 4039 1032 4042 ’

259 4114 283 4174 b)
302 4117 367 4164 aliud
378 4119 437 4164 exit:
453 4118 475 4163 d.
488 4132 509 4164 a.
524 4117 587 4164 1191
602 4132 632 4164 ιιι.
645 4132 696 4175 aug.
709 4119 773 4176 regni
784 4139 818 4150 -
836 4117 905 4162 Tcrdi
916 4115 945 4172 ll,
960 4109 1076 4160 Ducutus
1088 4117 1163 4162 autem
1176 4117 1198 4162 d.
1213 4109 1319 4177 Reperti

191 4191 248 4252 glor.
262 4193 328 4240 ducis
340 4194 437 4254 Apuliae
449 4194 492 4240 lilii
504 4196 552 4240 eius
567 4207 591 4238 u.
605 4187 628 4238 Ι.
642 4193 742 4253 (Ugbelll
754 4194 771 4239 l.
785 4194 809 4239 S.
822 4215 854 4224 —-
868 4193 904 4252 epi
917 4193 945 4238 de
957 4190 1079 4249 Anglone.)

260 4269 301 4316 His
314 4270 489 4326 demonstratis,
502 4272 570 4315 etiam
582 4270 610 4315 de
622 4271 710 4332 nuptiis
721 4271 765 4316 Au.
779 4269 843 4316 Dese.
855 4283 909 4316 vera
920 4268 1026 4334 retulisse
1038 4267 1181 4334 arbitramur.

1099 4349 1115 4397 l
