3048 4944
656 275 868 339 „32-

201 464 319 523 demum
336 465 433 524 media
447 465 500 525 illa
515 467 664 526 sententia
679 467 805 545 placuit,
821 473 854 528 ut
869 469 1029 529 Tusculum
1045 457 1079 528 ⁸in
1095 471 1233 532 manibus
1249 477 1323 549 pon-

200 565 289 628 tificis
310 573 444 645 poneret.
480 567 565 643 Quod
582 587 647 628 cum
668 570 727 630 sibi
743 587 859 648 quoque
883 572 1002 648 placere
1017 573 1141 632 Romani
1158 573 1323 649 significas·

199 674 276 741 sent,
293 668 492 744 Coelestinus,
508 676 629 748 recepto
646 672 774 732 Tusculo
790 705 832 714 -
847 692 912 732 eum
930 671 1148 734 consecravit.“

263 771 377 846 Quibus
394 773 610 849 comprobatis,
635 791 744 852 papam
762 793 827 834 cum
843 775 985 837 Romanis
1004 778 1061 837 hac
1077 778 1106 836 in
1122 797 1153 837 re
1170 779 1322 855 consocia-

198 879 260 933 tum
276 875 369 934 luisse
386 881 511 936 constat.
547 876 688 936 Putasset
701 877 779 936 enim
798 877 926 937 fortasse
943 879 1105 956 quispiam,
1122 879 1322 940 Coelestinum

197 971 344 1057 sibiipsi
365 977 523 1037 Tusculum
548 997 657 1055 aroge
683 981 855 1056 postulasse
876 986 906 1040 et
926 985 1033 1058 postea
1056 1001 1074 1040 a
1096 982 1239 1042 Romanis
1254 1000 1322 1042 esse

198 1084 346 1151 coactum,
362 1085 395 1139 ut
410 1080 470 1140 illis
487 1099 552 1139 eam
568 1081 706 1140 traderet.
737 1081 819 1156 Quae
836 1085 997 1156 sententia,
1014 1084 1092 1161 apud
1110 1083 1197 1158 Cal'a,
1218 1085 1323 1144 istoria

198 1181 245 1241 dei
261 1181 350 1241 Sucvi
366 1182 413 1241 nel
430 1183 586 1259 conquisto
603 1184 650 1242 dei
667 1184 750 1260 regni
767 1185 796 1244 di
812 1185 922 1262 Napoli
938 1184 1029 1262 (Nap.
1047 1189 1136 1246 1660.
1151 1184 1197 1246 4⁰.
1210 1205 1240 1264 p.
1255 1185 1320 1260 28.)

198 1284 335 1360 detensa,
355 1285 500 1344 refutatur
516 1303 566 1358 eo,
583 1286 662 1361 quod
676 1284 742 1344 iarn
758 1281 798 1345 ob
813 1285 904 1346 initio
920 1287 1078 1348 Tusculum
1094 1288 1237 1348 Romanis
1253 1307 1321 1349 esse

195 1385 410 1446 restituendum
427 1393 491 1446 erat
506 1388 707 1448 constitutum.
743 1387 840 1463 Quare
859 1407 948 1470 popo
969 1385 1078 1450 uidem
1099 1388 1190 1450 niodo
1212 1409 1248 1450 ca
1265 1410 1320 1450 ro·

196 1487 279 1547 tione
294 1487 423 1570 acecpit,
441 1497 477 1548 ut
491 1486 644 1550 Rouruuc's
660 1509 729 1549 carra
744 1489 892 1550 traderet.
1196 1489 1202 1501 '

264 1591 392 1651 Tertiam
410 1593 446 1652 de
461 1591 508 1652 luis
524 1594 614 1652 rebus
634 1595 811 1653 sententiam
832 1594 956 1672 protulit
971 1593 1123 1654 Arnoldus
1138 1594 1318 1656 Lubeccnsis

176 1683 178 1687 ’
196 1693 234 1752 Χ.
253 1698 280 1753 4.
299 1699 327 1754 4.
345 1713 475 1771 quamv.
494 1696 529 1754 cl.
546 1695 711 1755 Raumerus
727 1691 780 1770 (ll.
799 1699 869 1756 356.
887 1697 932 1756 ed.
951 1695 995 1770 3.)
1017 1702 1064 1756 est
1084 1702 1213 1758 secutus.
1245 1697 1318 1756 Nar-

195 1800 242 1854 rat
262 1797 311 1856 ille
332 1803 448 1856 auctor:
479 1798 610 1873 „Videns
633 1797 821 1858 coelestinus
842 1817 943 1874 regem
965 1816 1030 1857 curn
1059 1799 1152 1858 multa
1178 1799 1319 1858 iactantia

195 1899 329 1972 venisse,
351 1900 388 1959 ad
411 1900 617 1977 protelandam
639 1901 702 1960 eius
724 1902 977 1961 consecrationem
999 1918 1081 1960 suam
1104 1901 1228 1979 distulit.
1259 1901 1317 1960 Sed

195 2001 320 2061 Romani
337 2007 477 2062 exeuntes
493 2003 529 2062 ad
546 2021 662 2079 regern,
687 2003 730 2062 sic
752 2003 778 2062 ei
799 2004 889 2062 locuti
906 2008 989 2063 sunt:
1013 2003 1058 2061 lac
1074 2002 1228 2062 nobiscum
1243 2003 1316 2060 ami-

195 2104 294 2163 citiam
308 2110 337 2164 et
347 2105 462 2164 honora
474 2122 538 2177 uoS,
553 2111 582 2164 et
593 2106 697 2165 urbem
709 2106 772 2165 iure
786 2111 899 2180 nostro,
916 2105 993 2181 quod
1009 2103 1203 2164 exhibuerant
1217 2121 1323 2178 reges„

195 2207 329 2284 quiante
347 2213 375 2267 te
397 2209 523 2268 fuerunt.
551 2208 680 2284 Insuper
700 2208 746 2266 fac
766 2209 854 2268 nobis
869 2208 1012 2267 iustitiam
1034 2207 1071 2266 de
1092 2206 1225 2266 castellis
1246 2205 1316 2276 tuis,

195 2328 270 2387 quae
286 2315 356 2370 sunt
370 2311 400 2369 in
412 2311 590 2382 Tusculano,
607 2309 677 2386 quia
692 2311 756 2370 sine
772 2310 992 2370 intermissione
1008 2327 1063 2369 nos
1079 2309 1242 2384 inquietare
1258 2325 1316 2367 nou

194 2418 328 2473 cessant:
351 2417 381 2472 et
396 2413 505 2473 erimus
522 2430 576 2490 pro
592 2417 621 2471 tc
637 2413 675 2471 ad
691 2412 841 2473 dominum
858 2429 977 2490 papam,
995 2416 1028 2469 ut
1043 2427 1182 2469 coronam
1199 2410 1316 2488 imperii

194 2534 285 2594 super
301 2521 391 2593 caput
406 2520 488 2574 tuum
504 2519 606 2594 ponat.
638 2513 694 2588 Qui
715 2514 745 2573 in
762 2515 898 2574 omnibus
915 2513 951 2571 ad
969 2513 1152 2572 voluntatem
1168 2513 1315 2572 Romano-

192 2627 258 2677 r'um
274 2637 307 2678 se
323 2623 494 2696 promptum
511 2615 672 2677 exhibuit.“

256 2719 386 2779 Primum
414 2720 532 2796 quidem
559 2737 653 2796 neque
681 2719 806 2794 intelligi
834 2723 936 2797 potest
959 2719 1028 2795 quid
1053 2718 1110 2778 sibi
1133 2717 1226 2776 velint
1248 2716 1314 2774 illa:

194 2823 295 2898 ,venit
314 2841 379 2881 cum
401 2822 494 2881 multa
514 2820 673 2881 iactantia“
696 2839 805 2898 neque,
828 2817 865 2880 ob
889 2817 970 2881 lanc
994 2839 1139 2880 caessara
1161 2819 1315 2878 distulisse

192 2943 302 3002 papam
325 2925 578 2984 consecrationem
600 2943 692 2984 suam.
728 2923 801 2982 Turn
823 2924 888 2983 illa:
919 2925 983 3000 ,lac
1005 2924 1092 2983 nobis
1114 2923 1256 2982 iustitiam
1278 2920 1314 2979 de

192 3027 325 3087 castellis
346 3027 420 3100 tuis,
444 3045 519 3104 quae
540 3033 609 3087 sunt
630 3027 658 3086 in
675 3025 863 3086 Tusculano“
886 3027 974 3104 plane
992 3026 1206 3096 demonstrant,
1232 3023 1309 3098 quod

192 3129 365 3206 plerumque
389 3131 552 3202 invenitur,
578 3129 758 3202 rimoldum,
784 3130 814 3189 in
840 3131 930 3189 rebus
955 3125 1139 3187 Germanicis
1164 3129 1313 3184 auctorem

192 3231 267 3292 satis
283 3237 411 3304 certum,
435 3233 470 3290 de
491 3233 581 3292 rebus
597 3233 626 3290 in
642 3232 730 3291 Italia
747 3233 841 3308 gestis
864 3231 941 3290 male
958 3247 1025 3288 esse
1041 3229 1226 3287 instructum.
1258 3227 1313 3287 Ca-

192 3334 279 3394 stella
301 3335 330 3392 in
354 3334 463 3394 tinibus
487 3334 664 3394 Tusculanis
686 3335 883 3412 imperatores
907 3351 966 3391 non
988 3330 1155 3403 habebant,
1184 3330 1235 3390 sed
1259 3325 1296 3388 ill

192 3445 327 3516 tempore
343 3436 487 3496 Henricus
502 3433 699 3517 praesidium
714 3435 843 3495 orirerat
862 3436 891 3494 in
915 3429 1023 3492 orbem
1043 3433 1249 3492 Tusculanam.
1277 3431 1314 3489 Et

190 3545 222 3597 ut
238 3543 421 3615 praeteream
439 3539 497 3597 alia
512 3539 619 3616 quibus
640 3540 714 3598 haec
735 3539 866 3598 narratio
888 3537 1045 3596 refutetur:
1073 3536 1098 3596 si
1114 3535 1259 3594 Henricus
1281 3551 1313 3590 se

192 3641 352 3700 Tusculum
368 3641 509 3700 Romanis
530 3642 705 3701 traditurum
728 3659 794 3701 esse
816 3639 1020 3718 promisisset,
1042 3643 1074 3698 ut
1094 3655 1204 3714 papam
1226 3652 1312 3709 coge-

189 3748 256 3802 rent
277 3743 314 3801 ad
338 3743 574 3816 coronationem,
599 3743 643 3817 (et
665 3745 715 3820 qui
735 3745 792 3804 hoc
811 3744 909 3802 tacere
931 3737 1122 3819 potuerunt?)
1145 3721 1312 3812 quomodo

190 3845 253 3904 fieri
275 3845 386 3922 potuit,
414 3852 446 3904 ut
472 3845 538 3922 ipse
569 3865 647 3923 papa
670 3847 830 3906 Tusculum
857 3852 928 3904 autc
952 3841 1171 3903 coronationem
1199 3859 1217 3897 a
1241 3857 1311 3915 rege

189 3947 355 4024 reciperet?

254 4049 316 4109 Nos
332 4050 437 4124 igitur,
460 4048 673 4109 consociatum
684 4047 791 4129 faisse
804 4067 924 4130 popam
941 4064 1011 4106 carra
1029 4040 1181 4104 Romanis
1202 4054 1311 4106 contra

195 4147 392 4210 Tusculanos
407 4170 466 4231 pro
484 4160 566 4210 certo
582 4148 739 4210 trabernas.
767 4152 870 4228 Neque
887 4152 995 4210 desunt
1009 4147 1096 4208 huius
1113 4147 1155 4208 rei
1172 4167 1309 4209 caussae:

190 4255 255 4330 ipse
271 4255 327 4313 luit
342 4254 491 4313 Rorrranus
509 4255 637 4328 natione,
654 4260 741 4313 natus
758 4254 850 4313 nobili
868 4253 960 4329 stirpe
978 4249 1094 4322 Orsina,
1112 4253 1310 4311 Tusculanos·
