3048 4944
653 236 864 338 -ῤ8,

198 429 264 489 lunt
282 430 320 489 ab
341 429 534 509 imperatore,
556 437 589 491 ut
609 431 749 511 perderet
763 431 880 519 nobiles
900 431 995 507 regni.
1026 431 1195 510 Scriptores
1211 438 1320 507 autem,

199 531 248 608 qui
257 531 419 610 apartibus
429 533 619 610 imperatoris
629 538 710 594 stant
721 538 750 593 et
763 551 866 593 omnes
878 533 939 593 fere
948 533 1123 622 Theutonici
1135 553 1241 596 eamre
1250 553 1322 596 vera

144 623 145 626 ¹
198 634 291 693 fuisse
312 631 504 710 creduut.¹⁵⁸)
534 635 606 713 Ipse
626 637 789 713 imperator
810 635 846 695 de
867 635 975 694 haere
996 636 1034 695 ad
1050 636 1321 714 Rothomagensem

198 735 457 813 archiepiscopum
474 738 611 815 scripsit:
630 723 723 813 ,Cum
736 738 882 814 quosdam
898 742 1054 813 magnates
1069 739 1154 814 regni
1167 740 1217 816 qui
1233 741 1320 800 nobis

199 839 273 896 satis
295 839 435 898 contrarii
455 839 551 916 primo
573 840 763 912 exstiterunt,
784 828 911 915 gratiam
927 844 1059 899 nostram
1079 848 1319 918 recuperassent,

197 941 257 1017 ipsi
277 941 469 1017 postmodum
490 942 648 1000 nefandam
669 941 868 1019 proditionem
884 947 987 1000 contre
1007 959 1167 1019 personam
1184 949 1316 1003 nostram

197 1042 358 1100 machinati
375 1048 452 1102 sunt.
477 1043 536 1103 Sed
553 1044 623 1120 quia
637 1043 711 1102 nihil
727 1048 863 1127 opertum
879 1043 957 1119 quod
974 1060 1033 1102 non
1048 1045 1207 1118 reveletur,
1224 1047 1322 1121 gratia

197 1144 252 1203 Dei
274 1145 403 1222 proditio
424 1145 476 1204 illa
496 1147 551 1204 fuit
572 1146 688 1205 detecte
703 1151 732 1204 et
747 1144 932 1221 quorundam
949 1145 1133 1222 proditorum
1150 1147 1320 1224 proditione

198 1247 401 1318 manifestata,
423 1248 500 1308 unde
522 1266 625 1308 ornnes
642 1265 693 1307 eos
710 1247 822 1324 pariter
846 1247 988 1306 iussimus
1005 1247 1149 1325 captivari
1166 1249 1239 1308 etin
1256 1249 1320 1308 vin·

198 1348 273 1408 culis
290 1347 444 1408 detineris*
455 1345 505 1423 ¹⁵⁹)

263 1450 336 1509 Rem
353 1450 522 1511 discernere
539 1451 745 1510 difficillimum
762 1456 817 1511 est.
841 1450 957 1510 Etenim
974 1451 1011 1510 ab
1024 1449 1118 1510 altera
1134 1456 1218 1529 parte
1233 1453 1320 1512 facile

198 1553 363 1628 credimus,
392 1553 460 1614 illos
494 1571 560 1612 cum
590 1553 675 1630 regni
708 1554 941 1630 cupidine‘tum
973 1551 1042 1612 odio
1071 1553 1321 1613 Theutonicorum

197 1654 334 1713 inductos
355 1655 463 1715 iecisse
484 1656 727 1715 coniurationem.
765 1655 812 1714 Ab
832 1655 926 1714 altera
946 1660 1045 1730 parte,
1071 1655 1140 1730 quin
1162 1656 1318 1730 Henricus,

197 1756 282 1815 utad
299 1775 425 1833 eaquae
441 1757 533 1817 vellet
553 1757 737 1835 perveniret,
758 1757 881 1816 ficturus
902 1756 1010 1816 luisset
1032 1759 1124 1815 totam
1142 1758 1318 1818 coniuratio·

197 1877 278 1931 nem,
295 1877 353 1919 non
371 1859 550 1920 dubitamus.
582 1859 766 1919 Sententiam
782 1859 961 1919 constituere
978 1875 1037 1917 non
1054 1876 1203 1918 conamur.

262 1960 433 2021 Convocata
462 1961 554 2038 igitur
583 1962 727 2021 baronum
754 1961 910 2032 concione,
941 1961 988 2020 die
1017 1963 1066 2019 29.
1083 1961 1145 2020 dec.
1174 1962 1320 2038 epistolas

197 2064 343 2135 ostendit,
371 2081 497 2141 poenam
524 2064 709 2141 proditorum
737 2063 845 2141 poscit.
881 2062 969 2122 Petro
991 2061 1093 2122 Gelani
1120 2063 1227 2122 comite
1254 2065 1319 2123 solo

198 2166 328 2224 omnium
349 2167 427 2225 hanc
449 2167 628 2226 sententiam
644 2167 807 2244 probante,
829 2165 908 2241 capti
925 2166 975 2241 qui
991 2165 1052 2223 illic
1068 2165 1211 2225 nominati
1227 2171 1320 2239 erant,

197 2273 227 2326 et
241 2267 438 2328 Lutzelhardo
454 2268 554 2328 traditi
576 2275 652 2328 sunt.

262 2368 343 2442 Quae
372 2389 441 2430 vero
470 2370 506 2430 de
533 2371 638 2448 poenis
665 2375 695 2429 et
719 2369 944 2428 crudelitatibus
964 2373 1068 2429 contra
1093 2368 1210 2428 nobiles
1236 2370 1320 2445 regni

198 2471 366 2532 commissis
387 2473 558 2545 traduntur,
581 2491 616 2532 ea
632 2473 681 2530 vix
701 2471 855 2531 credibilia
870 2470 1015 2530 videntur.
1048 2469 1136 2528 Nulla
1158 2471 1320 2546 excogitari

196 2578 298 2650 potest
313 2591 404 2633 saeva
420 2579 449 2634 et
469 2575 607 2634 immanis
624 2573 798 2646 crudelitas,
821 2573 905 2632 cuius
928 2590 987 2631 non
1007 2571 1055 2630 hic
1078 2572 1125 2630 vel
1145 2572 1196 2630 ille
1218 2579 1320 2632 auctor

196 2674 378 2735 incusaverit
393 2676 562 2736 Henricum.
593 2676 653 2734 Alii
669 2676 727 2734 alia
742 2676 887 2746 referunt,
906 2693 990 2734 sunm
1007 2674 1132 2750 quisque
1153 2674 1254 2752 potius
1276 2674 1319 2732 iu-

197 2777 315 2852 genium
344 2783 479 2850 secutus,
507 2797 594 2854 quam
615 2797 690 2854 quae
711 2777 866 2836 audiverat
889 2777 936 2835 vel
959 2780 1154 2850 cognoverat,
1175 2777 1317 2834 reterens,

197 2877 262 2952 Qua
278 2879 314 2938 de
337 2898 368 2939 re
390 2881 532 2940 intentius
548 2899 637 2956 agere
654 2880 872 2950 omitteremus,
901 2896 972 2937 sane
994 2883 1176 2948 metuentes,
1198 2895 1234 2936 ne
1255 2879 1318 2936 lan·

196 2986 373 3055 guescerent
401 2983 550 3058 legentes,
580 2983 638 3042 nisi
661 2982 793 3053 fabulas,
824 2999 899 3057 quae
922 2980 1011 3038 hodie
1033 2996 1149 3054 quoque
1179 2980 1221 3037 ita
1250 2997 1318 3057 pro-

196 3083 313 3154 bentur,
329 3092 362 3141 ut
376 3085 455 3160 apud
473 3085 617 3161 plurimos
631 3083 750 3143 Henrici
763 3083 804 3142 VI
820 3083 931 3141 nomini
948 3081 1131 3140 crudelitatis
1149 3081 1318 3140 saevitatis-

197 3201 253 3260 que
274 3190 344 3242 nota
360 3186 456 3244 adhuc
478 3187 577 3244 inusta
593 3205 661 3245 esse
678 3187 825 3256 videatur,
841 3201 1008 3254 removere,
1031 3187 1061 3240 et
1080 3183 1249 3242 discernere
1270 3201 1318 3242 res

197 3291 226 3345 et
241 3287 424 3362 distinguere
441 3294 575 3348 nostrum
592 3294 681 3348 esset.

261 3389 298 3446 Et
315 3389 433 3464 quidem
451 3391 677 3450 discernendum
695 3395 742 3448 est
757 3391 833 3447 inter
849 3407 900 3446 eos
918 3388 1095 3463 scriptorcS,
1112 3387 1162 3462 qui
1179 3387 1229 3446 illo
1245 3392 1318 3446 tenr-

198 3507 271 3566 pore
287 3489 423 3548 vixerunt
439 3499 468 3550 et
484 3511 545 3562 eos,
563 3492 611 3568 qui
629 3491 822 3567 sequentibus
840 3491 968 3548 saeculis
985 3488 1048 3548 eius
1061 3489 1216 3548 historiam
1233 3506 1316 3547 enar-

195 3597 311 3663 rarunt,
334 3611 428 3668 neque
449 3595 546 3652 minus
567 3595 644 3652 inter
664 3611 730 3663 eoS,
754 3593 803 3668 qui
827 3591 980 3650 veritatem
1005 3591 1097 3650 secuti
1120 3593 1233 3648 suntet
1254 3606 1315 3659 eos,

196 3693 246 3768 qui
262 3695 310 3752 vel
327 3694 489 3754 inimicitiis
507 3700 609 3754 contra
624 3695 833 3772 imperatorem
850 3693 1003 3764 commoti,
1022 3693 1068 3750 vel
1085 3691 1111 3750 ei
1127 3690 1316 3750 blandientes

196 3796 243 3854 vel
260 3813 325 3854 eum
342 3801 508 3856 metuentes
524 3797 680 3856 historiam
697 3797 908 3872 depravarunt.

265 4062 310 4124 ¹5¹⁸)
331 4069 469 4114 Testimoniu
481 4072 551 4114 auctt.
567 4071 594 4114 de
607 4071 762 4114 coniuratione
775 4073 902 4128 sequuntur
913 4069 972 4113 infru
981 4083 1026 4112 una
1036 4082 1085 4112 cunr
1095 4067 1123 4112 iis
1133 4065 1161 4110 de
1172 4067 1317 4114 cruciatibus,

264 4138 309 4200 159)
329 4145 386 4190 de.
404 4145 478 4191 Dicet.
498 4147 553 4192 650.
572 4147 615 4192 col.
636 4147 691 4192 679.
710 4169 742 4176 —
759 4146 864 4192 Huillard
881 4145 909 4190 H.
926 4145 955 4192 Ι).
972 4145 1009 4189 Fr.
1028 4145 1045 4188 l.
1065 4145 1087 4188 1.
1106 4165 1139 4173 -
1156 4142 1208 4189 Dat.
1220 4149 1280 4204 apud
1294 4149 1317 4194 S,

196 4223 297 4270 Marcum
310 4223 349 4270 20.
361 4226 406 4271 iun.
421 4222 493 4271 1195.
