3052 4934
643 271 852 334 „40-

190 463 332 540 piscopos
342 459 393 539 ⁰⁰³)
411 471 450 524 ct
472 463 541 524 Otto
565 465 741 525 Boemorum
765 459 878 540 dux¹⁰⁰)
905 463 1012 523 mortui
1039 468 1131 530 suunt.
1162 463 1306 524 Henricus

189 563 427 640 Brunsvicensis,
442 585 531 642 quum
546 567 667 626 morbos
679 570 814 624 metuens
825 569 887 624 tum
899 565 1072 642 imperatori
1086 570 1157 624 tunc
1169 565 1307 625 facillime

189 665 299 724 bellurn
322 667 435 726 moveri
457 685 549 744 posse
572 672 696 744 putans,
724 667 761 725 ad
784 667 888 726 hostes
910 666 1029 726 transiit
1062 671 1092 726 et
1119 666 1256 726 celeriter
1277 668 1308 726 in

100 821 105 828 .
189 764 377 826 Germaniam
400 768 537 839 revertit,
560 785 707 827 unacum
730 765 816 844 patre
839 767 949 827 bellum
973 773 1076 828 contra
1098 768 1309 846 imperatorem

188 874 356 944 paraturus.
368 862 419 948 ¹⁰⁵)
456 869 529 947 Ipso
553 871 732 947 imperatore
748 870 852 929 morbo
875 868 996 938 affecto,
1021 869 1068 928 die
1086 871 1136 929 24.
1153 887 1223 946 aug.
1240 875 1310 947 post

189 963 375 1030 obsidionem
393 975 519 1046 quatuor
534 972 595 1031 fere
615 972 761 1032 mensium
782 971 927 1030 exercitus
948 970 1094 1030 abductus
1116 976 1176 1042 est,
1197 972 1309 1032 machi-

188 1071 234 1130 nis
258 1072 424 1132 obsidionis
447 1073 620 1132 combustis.
630 1067 679 1150 ¹⁰⁰)
717 1072 831 1148 Quibus
853 1073 949 1132 tames
969 1077 1000 1131 et
1022 1072 1137 1132 calores
1160 1078 1191 1132 et
1213 1073 1309 1134 morbi

189 1180 400 1250 pepercerant,
421 1175 513 1252 iiper
528 1181 638 1247 terras,
655 1192 730 1250 quas
750 1174 825 1250 ipsi,
848 1192 880 1234 se
901 1173 988 1234 facile
1009 1175 1140 1234 victuros
1157 1193 1225 1236 esse
1241 1191 1309 1254 spe-

188 1280 303 1347 rantes,
320 1276 481 1353 incipiente
502 1277 581 1335 bello
603 1275 766 1348 insolenter
782 1276 990 1345 devastarent,
1007 1276 1137 1335 omniurn
1151 1295 1249 1337 rerum
1265 1277 1309 1336 in·

189 1393 263 1452 opes
279 1382 309 1436 et
324 1384 457 1454 egentes,
473 1378 638 1437 miserrime
653 1382 847 1437 reverterunt.
875 1377 1044 1453 imperator
1058 1377 1190 1454 graviter
1204 1395 1309 1454 aegro-

188 1483 256 1538 tans
273 1479 380 1544 lectulo
398 1481 581 1557 portabatur.
592 1474 642 1552 ¹⁰⁷)
666 1478 810 1538 Hostibus
826 1495 885 1537 non
903 1479 1163 1556 prosequentibus,
1177 1479 1309 1558 Capuam

189 1650 250 1694 diam
263 1650 334 1704 diem,
352 1651 405 1695 Xlll
419 1649 608 1695 decennovenalis
622 1649 673 1694 cicli
686 1662 745 1694 anno
758 1671 790 1678 -
803 1648 908 1693 Guilelm.
921 1649 1031 1694 Armoric.
1046 1650 1076 1694 70
1091 1647 1204 1712 (Bouquet
1216 1647 1309 1706 XVII.):

189 1726 233 1771 luit
250 1727 342 1785 eclipsis
356 1727 416 1772 Solis
433 1729 457 1772 in
473 1727 551 1784 vigilia
564 1727 587 1771 S.
601 1726 696 1770 loannis
708 1725 837 1782 Baptistae,
855 1725 879 1769 in
896 1723 993 1782 septimo
1009 1725 1081 1782 gradu
1097 1727 1184 1781 caueri,
1202 1726 1257 1771 luua
1273 1740 1310 1770 err-

190 1803 265 1846 steute
277 1801 301 1846 iu
314 1805 378 1848 serto
390 1803 462 1860 gradu
473 1802 575 1848 eiusdem
593 1801 662 1858 signi,
681 1803 704 1845 et
720 1800 793 1845 cauda
809 1800 915 1844 draconis
933 1800 957 1844 iu
975 1801 1110 1846 duodecimo
1127 1803 1150 1847 et
1165 1802 1256 1847 durarit
1270 1815 1311 1860 per

190 1880 288 1936 quatuor
299 1877 374 1925 horas.
423 1911 431 1924 .

257 1947 302 2010 l⁰³)
322 1957 424 2000 mortuus
438 1958 472 2000 est
487 1957 525 2001 13.
536 1968 587 2012 aug.
601 1953 625 1998 S.
639 1953 733 1998 Gereou.
747 1953 826 1998 Colon.
838 1954 894 1998 399.
906 1950 1013 2008 (Bdhmer
1023 1950 1072 2010 lll.)
1086 1977 1119 1984 —
1133 1953 1163 2000 15
1176 1968 1227 2012 aug.
1245 1955 1309 2000 Caes.

189 2028 330 2076 Heisterbac.
344 2031 440 2089 catalog.
454 2032 511 2076 277.
525 2028 631 2085 (Bdhmer
640 2027 679 2084 ll.)
692 2029 779 2087 Corpus
792 2028 909 2073 Coloniam
922 2029 1067 2088 deportatum
1080 2028 1156 2089 ibique
1169 2031 1191 2075 d.
1205 2031 1309 2089 26.sept.

188 2106 310 2164 sepultum.
324 2108 375 2153 Ger.
390 2107 469 2152 Colou.
484 2108 540 2152 399.
889 2106 890 2110 ’

257 2165 303 2238 1’00)
321 2185 424 2228 mortuus
441 2185 476 2229 est
493 2185 516 2228 9.
528 2185 586 2241 sept.
600 2182 685 2226 Carnes
700 2181 725 2226 iu
737 2182 783 2228 Mte
796 2183 883 2228 Cassio.
902 2181 1002 2240 positae,
1021 2182 1062 2226 sed
1078 2195 1131 2227 ossa
1146 2182 1241 2240 Pragam
1258 2184 1311 2227 suut

189 2257 315 2315 deportata.
330 2258 417 2303 Gerlac.
431 2259 508 2303 Milev.
522 2259 551 2304 od
562 2258 669 2304 Ausbert.
683 2258 718 2302 ed.
728 2258 871 2317 Dobrowsky
885 2257 941 2302 107.
953 2280 985 2287 -
999 2257 1118 2316 ,princeps
1132 2257 1240 2312 illustris,
1258 2271 1310 2316 pro·

188 2332 231 2377 bus
248 2335 272 2378 et
287 2335 378 2392 sepiens
395 2337 417 2380 et
430 2335 485 2380 sutis
498 2333 627 2379 literatus“.
645 2333 786 2378 Gislebertus
802 2333 859 2378 407.
880 2357 910 2364 -
927 2333 980 2378 otto
999 2333 1155 2379 Cancellarius
1172 2347 1262 2393 quoque
1279 2333 1310 2379 ibi

188 2411 291 2454 mortuus
303 2411 345 2454 est.
360 2401 450 2456 Contin.
463 2410 678 2466 Claustroneoburg.
692 2409 720 2454 ll.
735 2410 791 2454 618.
804 2407 844 2464 (Μ.
855 2409 881 2454 G.
892 2406 941 2464 Xl.)
953 2431 986 2439 -
999 2408 1082 2454 Chron.
1095 2411 1240 2456 Austriecum
1252 2411 1309 2455 227.

189 2481 277 2540 (Rauch
293 2485 335 2531 SS.
349 2483 387 2541 ll.)

186 2557 189 2565 “
258 2555 303 2616 ¹⁰⁵)
321 2561 356 2607 De
368 2563 496 2620 proditioue
509 2563 602 2608 Hemici
615 2561 716 2611 Cohuius
733 2561 757 2605 in
769 2561 860 2606 dissert.
873 2573 943 2618 supra
960 2560 997 2605 cit.
1015 2563 1079 2606 tanta
1096 2561 1215 2619 diligentia
1230 2561 1306 2608 fontes

189 2635 292 2694 collegit,
306 2639 414 2696 tantoque
426 2639 512 2694 ingenii
524 2639 626 2682 acumine
639 2638 760 2692 disseruit,
773 2639 855 2681 utrem
868 2639 970 2695 repetere
983 2637 1121 2696 superfluum
1134 2641 1202 2684 essetr

257 2706 302 2768 106)
320 2714 354 2758 De
364 2713 450 2758 infelici
459 2715 634 2773 oppugnationis
644 2715 707 2758 exitu
719 2713 810 2772 plurimi
820 2713 942 2771 scriptores
955 2714 1087 2758 retulerunt.
1098 2737 1131 2744 —
1144 2713 1172 2759 V.
1186 2715 1239 2760 Chr.
1252 2715 1308 2760 foss.

189 2802 240 2834 nov.
258 2812 291 2820 -
308 2791 381 2835 Auen.
395 2791 483 2836 Cassia.
501 2815 535 2822 -—
552 2791 675 2848 Cbronogr.
689 2791 813 2848 Weiugart.
833 2788 900 2845 (Hess
912 2787 1021 2845 monum.)
1041 2789 1123 2834 Ceffari
1139 2803 1191 2834 anu.
1206 2790 1262 2835 365.
1276 2813 1309 2820 -

189 2865 308 2910 Gislebert.
321 2865 378 2910 407.
391 2891 424 2897 —
437 2867 542 2913 Malvecii
554 2865 632 2912 chron.
645 2890 678 2897 -
691 2867 751 2911 diem
764 2867 834 2911 tradit
846 2867 952 2912 Crouista
964 2867 987 2911 di
1001 2867 1067 2912 Sesto
1080 2866 1141 2924 apud
1152 2865 1203 2910 llleo
1216 2865 1254 2911 Xl.
1267 2866 1308 2912 46.

186 2963 221 2972 ——
233 2940 330 2996 Dubito,
344 2957 398 2987 num
409 2944 458 2988 iure
471 2945 546 2989 dicere
558 2945 659 3002 potuerit
670 2943 731 2988 Patr.
744 2943 811 2988 libul.
825 2943 842 2988 l.
857 2943 913 2987 510.
927 2955 989 3001 sqq.:

425 3019 485 3074 Quid
496 3021 552 3065 facis
565 3033 577 3064 o
591 3021 684 3074 Caesar,
698 3019 754 3078 quid
765 3019 850 3064 faretra
861 3019 936 3064 mania
947 3019 1053 3076 temptas,

477 3095 622 3141 Obuebulant
635 3097 710 3141 socios
722 3095 784 3149 regia
795 3095 856 3140 dona
867 3097 927 3139 tuos.

425 3171 469 3228 Qui
480 3171 539 3217 falso
551 3185 650 3216 remeare
663 3176 755 3226 rogant,
769 3185 797 3215 ne
809 3169 902 3215 morbus
914 3171 939 3214 iu
951 3172 1014 3215 artus

359 3239 361 3242 ’
476 3248 568 3293 Fortius
579 3249 693 3304 insurgat,
707 3249 746 3306 qui
757 3261 824 3304 grave
837 3246 918 3291 reddat
930 3247 980 3290 iter.

187 3325 282 3381 excepto
294 3323 363 3370 Henr.
377 3324 495 3372 Brunsvic.
509 3325 537 3369 de
549 3325 638 3368 nemine
651 3324 750 3382 proditio
762 3323 866 3368 traditur.
890 3321 987 3367 Videtur
1002 3322 1046 3367 hoc
1063 3323 1130 3368 modo
1143 3322 1224 3368 Petrus
1242 3337 1309 3368 ercu-

187 3411 237 3443 sare
249 3398 348 3444 voluisse
361 3400 530 3458 imperatorem,
544 3415 678 3460 omnemque
691 3400 752 3445 eide
765 3399 851 3444 infelici
862 3399 918 3443 belli
931 3400 993 3445 exitu
1006 3399 1096 3458 culpam
1107 3400 1204 3445 demere.

359 3468 405 3531 1⁰l)
424 3475 482 3522 Urbs
494 3479 571 3522 menet
581 3477 677 3530 invicte,
690 3476 758 3520 rediit
769 3475 817 3520 sine
830 3475 925 3532 coniuge
938 3477 1014 3521 missa.

426 3552 515 3600 Salerni
525 3553 637 3611 produnt,
651 3552 755 3610 capiunt,
769 3549 849 3596 misere
863 3551 999 3597 Panormum

424 3627 480 3686 Regi
492 3629 609 3674 Tancrado
623 3628 651 3672 de
663 3630 726 3674 tauto
739 3641 831 3672 munera
844 3628 912 3673 laeto.

424 3703 503 3750 Morbo
516 3705 600 3750 devicti
611 3707 712 3750 remeant
724 3704 754 3748 ad
765 3705 857 3763 proprie
869 3705 933 3750 dicti.

425 3779 511 3826 Iudicio
525 3780 610 3826 Christi
621 3783 722 3826 remeant
733 3794 774 3838 per
786 3795 838 3825 rura
850 3781 931 3828 relicti.

425 3856 470 3901 Vix
482 3859 587 3916 superest
597 3857 666 3902 tellus
678 3857 827 3903 morientibus
840 3857 876 3904 his
890 3859 938 3903 siue
949 3856 1016 3902 ferro.

423 3933 472 3978 Rex
485 3933 586 3992 Capuam
597 3935 671 3986 vonit,
684 3933 767 3979 feretro
781 3948 901 3992 seponere
914 3933 976 3978 tecit.

423 4009 453 4054 lit
464 4010 511 4054 dux
523 4008 646 4053 multorum
658 4008 717 4053 lecto
730 4009 831 4054 defertur
842 4023 958 4068 equorum.

187 4083 283 4126 Carmen
294 4081 319 4126 in
332 4081 415 4128 Clrron.
427 4083 483 4130 foss.
496 4099 548 4130 nou.
566 4107 599 4115 -
616 4085 729 4130 exercitus
745 4085 878 4143 percellitur
893 4083 990 4129 maxima
1001 4083 1151 4138 mortalitate,
1169 4085 1207 4129 vix
1219 4085 1308 4143 paucis-

185 4159 250 4204 simis
261 4161 442 4214 remanentibus,
460 4164 483 4206 et
498 4161 588 4208 hisdem
600 4160 658 4219 peda
671 4159 859 4218 repatriantibus,
876 4161 954 4218 regina
969 4161 1046 4205 tarrrmr
1063 4161 1177 4219 captivata
1190 4164 1213 4206 et
1225 4161 1309 4206 ibidem

186 4235 280 4282 confuse
291 4235 379 4283 relicta.
398 4237 464 4283 Ceut.
478 4235 598 4286 Cramifau.
612 4235 669 4283 547.
683 4233 722 4294 (Μ.
736 4236 763 4282 G.
776 4232 824 4292 x1.)
