3052 4934
635 292 848 354 ..45-

183 499 248 542 cum
264 499 300 540 eo
319 481 444 540 revertit
457 481 624 550 liutfridus,
645 483 710 557 qui,
731 482 839 540 comite
859 483 888 540 iu
910 483 1019 542 Tuscia
1042 487 1075 540 ut
1095 482 1198 558 copias
1220 481 1305 539 colli·

170 589 268 662 'geret
282 587 493 654 commorante,
509 583 694 660 praecedens
706 587 737 641 et
752 601 818 642 cum
827 583 976 642 Adenulto
991 583 1103 642 decano
1116 601 1149 642 se
1166 583 1305 657 iungens,

182 683 357 743 felicissimo
372 689 481 742 eventu
496 685 652 760 pugnavit,
665 685 817 761 Aquinum
832 702 1008 761 expugnans
1020 691 1050 744 ct
1061 701 1156 760 usque
1167 683 1205 742 ad
1213 682 1305 742 Sues·

183 803 247 846 sam
264 785 450 844 incursiones
466 785 588 845 iaciens.

247 887 322 945 Tum
337 903 437 946 comes
454 886 612 946 Bertoldus
632 904 699 946 cum
715 885 917 962 exercituque
932 887 1040 963 partim
1052 905 1087 946 er
1102 885 1303 958 Theutonicis‚

184 988 343 1046 maximam
357 993 559 1066 verqpartem
575 1005 610 1047 ex
625 985 806 1047 Florentinis
822 988 1013 1047 mercenariis
1027 989 1197 1060 constabat,
1212 986 1304 1058 venit,

170 1089 311 1166 'primum
326 1089 511 1148 Amiternum
528 1095 558 1148 et
568 1088 694 1148 Valvam
710 1089 805 1164 cepit,
821 1089 928 1156 deinde
943 1089 972 1148 d.
989 1091 1025 1148 12
1042 1089 1193 1148 novembr.
1206 1087 1303 1147 Vena-

183 1190 259 1249 frum
280 1190 470 1267 expugnavit.
505 1189 651 1265 Rogerius
667 1189 776 1250 Molisii
797 1207 914 1262 comes,
935 1189 1080 1250 Tancredi
1099 1189 1178 1266 parti
1193 1189 1303 1248 adbae-

183 1306 264 1360 rens,
277 1289 413 1350 celeriter
421 1290 548 1350 Roecam
557 1290 696 1366 Mogeunl
707 1293 843 1363 recessit,
856 1299 887 1350 et
898 1292 976 1351 huuc
987 1283 1084 1350 locum
1097 1291 1302 1367 communivit3

184 1391 330 1467 Rogerius
346 1391 383 1450 de
395 1390 522 1450 Foresta
536 1391 674 1452 recedere
690 1397 811 1452 coactus
828 1398 883 1452 est.
914 1392 1003 1452 Initio
1019 1395 1100 1451 1193
1114 1391 1302 1468 imperatoris

184 1492 289 1570 copiae
314 1491 423 1567 ubique
458 1491 595 1552 victrices
621 1499 840 1570 processerant.
885 1493 950 1552 Hoc
981 1493 1116 1569 tempore
1145 1491 1302 1552 Bertoldus

185 1592 322 1654 Conrado
337 1593 593 1653 lluscaincerebro
610 1595 770 1654 exercitum
786 1595 923 1664 tradidit,
939 1594 1008 1652 dum
1024 1593 1100 1670 ipse,
1115 1599 1148 1652 ut.
1162 1593 1303 1653 Casertae

184 1695 368 1755 comitissam
387 1713 509 1756 uxorem
524 1696 659 1768 duceret,
682 1695 816 1756 recessit
825 1689 875 1773 ¹²⁰)
905 1694 1074 1771 Diopuldus
1097 1693 1148 1752 illo
1169 1699 1302 1770 tempore

185 1795 380 1873 Campaniam
395 1797 549 1871 ingressus
562 1803 618 1868 est,
634 1803 665 1856 et
679 1814 774 1874 prope
785 1795 917 1873 Capuam
931 1814 1062 1872 pugnam
1079 1813 1145 1854 cnm
1158 1794 1303 1854 Tancredi

187 1898 316 1958 exercitu
332 1897 428 1957 iniens
444 1896 515 1955 vicit
535 1902 565 1956 et
585 1897 685 1973 ipsum
706 1898 810 1958 ducem
833 1898 970 1956 comitem
986 1895 1090 1958 Caleni
1105 1897 1198 1972 cepit,
1215 1913 1302 1971 quem

184 2000 313 2059 Roccam
328 1997 415 2058 Arois
435 1997 661 2058 custodiendum
685 1993 835 2072 misit.¹‘-'¹)
865 1997 914 2058 Sic
934 2015 1058 2072 regnum
1078 2013 1172 2072 usque
1192 1995 1228 2056 ad
1244 1994 1300 2054 Ca·

186 2119 276 2178 puam
287 2099 415 2160 Henrico
428 2097 468 2157 VI
485 2099 650 2160 subiectum
663 2105 718 2160 est.
743 2099 877 2160 Fundani
893 2105 924 2158 et
935 2098 1077 2160 Casertae
1093 2098 1215 2158 comites
1230 2113 1301 2156 suas

185 2201 289 2278 copias
305 2217 371 2259 cum
386 2200 577 2277 imperatoris
592 2201 722 2260 exercitu
737 2201 903 2262 iunxerunt.

249 2301 332 2360 Tune
347 2300 532 2372 Tancredus,
549 2301 598 2377 qui
614 2302 716 2378 paullo
732 2307 800 2361 ante
816 2303 956 2379 Apuliam
977 2302 1007 2360 in
1022 2305 1201 2379 potestatem
1218 2319 1302 2360 suam

184 2402 336 2462 redactam
351 2401 520 2476 reliquerat,
535 2402 659 2461 revertit
674 2409 706 2461 ut
721 2403 817 2461 denuo
836 2421 900 2462 eam
921 2410 1113 2480 expugnaret.
1141 2401 1190 2461 Sic
1205 2401 1304 2478 quoad

185 2503 259 2562 vixit
280 2501 317 2562 de
339 2519 432 2576 regno
456 2502 514 2560 sibi
536 2503 684 2564 servando
707 2504 869 2564 dimicavit.
906 2505 1004 2564 Etiam
1028 2522 1093 2563 cum
1120 2505 1151 2562 in
1173 2503 1302 2562 Siciliam

185 2621 263 2663 anno
279 2602 473 2662 antecedente
488 2602 642 2676 rediisset,
659 2605 803 2664 firmando
819 2624 911 2681 regno
928 2624 1050 2682 operam
1066 2605 1198 2664 dederat.

250 2705 456 2766 Constantiam
468 2703 687 2779 imperatricem
696 2706 849 2766 Tancredo
859 2707 997 2766 traditam
1006 2724 1073 2766 esse
1087 2723 1178 2782 supra
1186 2723 1304 2764 enarra*

187 2808 294 2867 vimus.
303 2800 353 2879 ¹²²)
370 2804 513 2879 Quaeres
526 2821 598 2864 sane
611 2807 729 2864 maximi
741 2808 883 2866 momenti
896 2808 958 2866 luit.
983 2807 1098 2866 Etenim
1111 2813 1143 2866 ut
1153 2812 1304 2866 taceamus

189 2909 226 2968 de
243 2926 292 2981 eo,
309 2908 403 2984 quod,
420 2907 517 2982 quoad
533 2906 704 2967 Teneredus
717 2906 937 2980 Constantiam,
952 2908 1037 2983 regni
1052 2907 1190 2966 heredem
1208 2907 1304 2981 legiti-

258 3177 423 3236 ,Berchtoldus
435 3176 519 3222 nobilia
531 3177 559 3222 de
573 3177 743 3236 Cbunispercb“
759 3191 810 3224 cum
822 3178 938 3224 Frlderico
951 3177 961 3222 1
977 3178 1001 3222 in
1011 3181 1095 3222 terram
1106 3179 1178 3222 setam
1189 3174 1305 3234 proiectus

187 3257 243 3301 erat.
262 3254 388 3300 Ausbertus
401 3255 436 3299 ed.
449 3253 519 3300 Dobr.
534 3254 573 3298 66.

256 3322 301 3386 ¹²⁰)
321 3329 426 3374 Sororem
432 3328 520 3372 comitis
530 3328 624 3372 Berardi
633 3328 661 3372 de
670 3329 775 3384 Laureto,
782 3329 876 3374 Roberti
886 3329 992 3374 Casertae
1002 3331 1091 3376 comitis
1103 3329 1202 3374 viduam.
1221 3327 1305 3374 Cbrou.

188 3407 302 3465 Carpinet.
310 3406 414 3463 citatap.
421 3403 516 3448 bleolll.
527 3426 560 3434 -
570 3405 644 3448 Anon.
658 3405 722 3450 Cass.
732 3427 765 3434 -
777 3405 830 3450 Chr.
839 3404 895 3449 foss.
906 3420 958 3451 nov.
968 3429 1001 3437 -
1012 3406 1085 3461 Quare
1097 3406 1121 3450 in
1133 3407 1189 3464 dipl.
1204 3405 1306 3452 Bertoldi

188 3483 240 3528 adn.
256 3483 311 3528 119.
324 3481 387 3526 citat.
400 3480 466 3524 tostis
478 3481 525 3524 est:
541 3480 655 3534 ,sororius
667 3483 745 3525 noster
757 3493 832 3526 comes
845 3479 958 3527 Berardus
971 3481 1090 3527 Lanreto.“

256 3551 303 3614 ¹²¹)
322 3556 499 3602 liich.S.Germ.
513 3554 569 3600 baec
582 3557 703 3600 auctumno
717 3557 795 3611 1192,
807 3557 940 3616 priusquam
952 3557 1074 3602 Bertoldus
1088 3557 1230 3612 advenisset,
1243 3560 1307 3614 gesta

189 3647 240 3681 esse
252 3635 335 3680 namet.

257 3703 302 3767 ¹²²)
322 3711 457 3757 Constantia
473 3709 578 3754 Panormi
595 3711 685 3755 servata
700 3710 728 3756 ab
747 3711 851 3756 omnibus
868 3711 973 3756 traditur.
1004 3710 1073 3756 Solus
1090 3710 1171 3756 Petrus
1188 3711 1216 3754 de
1233 3709 1307 3755 Ebulo

188 3788 234 3834 alia
249 3787 325 3834 refert.
352 3787 445 3841 Narrat,
460 3787 615 3832 Constantiam
633 3800 683 3832 csse
699 3789 813 3846 receptam
825 3787 938 3834 Messiuac
956 3786 1063 3840 alardo,
1077 3785 1139 3830 stab
1152 3785 1307 3843 coadSibyl·

188 3865 234 3910 lam
245 3865 346 3921 reginam
357 3861 493 3907 Panormum
504 3863 596 3907 missum
609 3860 635 3918 (1.
650 3861 781 3922 859.sqq.).
799 3865 887 3922 Aepum
899 3862 1046 3916 Matthaeum
1059 3875 1129 3920 quum
1141 3855 1250 3906 eam'illie
1262 3875 1307 3906 non

189 3941 245 3987 satis
263 3953 341 3985 secure
354 3937 465 3984 custodiri
481 3940 584 3996 putaret,
598 3939 709 3993 suasisse,
728 3942 754 3983 ut
769 3940 793 3984 in
806 3939 925 3984 castellum
939 3939 1064 3983 Salvutoris
1077 3936 1182 3992 (castello
1195 3937 1232 3982 del
1245 3937 1306 3984 Salv.

189 4030 249 4062 nunc
262 4017 317 4061 cast.
331 4007 446 4069 dell'0u0‚
464 4012 559 4072 Neapoli
572 4012 649 4069 situm)
663 4015 790 4060 mitteretur
803 4013 829 4070 (1.
844 4013 918 4070 955).
947 4015 1002 4059 Inde
1015 4015 1113 4072 denique
1125 4014 1218 4060 liberam
1231 4015 1307 4058 remis-

190 4108 237 4139 sam
250 4106 307 4138 esse.
320 4114 352 4121 —
366 4090 475 4136 Omnibus
486 4089 538 4135 aliis
551 4091 621 4134 auctt.
639 4103 689 4134 eam
700 4089 811 4135 Panormo
828 4104 878 4136 esse
891 4090 1007 4134 reductam
1019 4089 1181 4143 referentibus,
1199 4091 1248 4134 tota
1264 4089 1307 4134 luuc

189 4170 317 4214 narratione
334 4167 452 4212 historiam
472 4167 562 4226 poetice
580 4179 630 4212 esse
647 4171 778 4214 exornatam
795 4168 871 4212 eredo.
888 4190 920 4198 -
937 4166 1038 4212 Eandem
1055 4168 1154 4212 sentent.
1171 4167 1253 4225 probat
1268 4166 1308 4210 Di-

189 4245 253 4292 Blasi
264 4245 293 4290 ll.
306 4249 376 4292 284a.
