3048 4944
665 976 802 1051 CAPUT
825 977 862 1051 V.

318 1145 361 1206 De
382 1147 479 1208 altera
501 1146 689 1224 expeditione
709 1145 834 1207 Raurici
854 1147 899 1206 VI
921 1149 1072 1224 regnoque
1093 1147 1131 1208 ab
1153 1163 1188 1208 eo

598 1249 631 1310 in
652 1248 752 1309 Sicilia
773 1251 914 1324 suscepto.

200 1383 329 1479 Nuntio
346 1419 383 1480 de
399 1425 494 1481 morte
510 1421 655 1480 Tanoredi
676 1419 782 1492 allato,
803 1419 966 1496 imperator
986 1420 1087 1479 statim
1103 1420 1321 1498 expeditionem

199 1521 228 1579 in
244 1519 364 1581 Italiam
378 1521 497 1596 indixit,
522 1541 649 1600 sperans
670 1521 750 1580 facili
770 1521 890 1596 negotio
911 1539 944 1581 se
966 1539 1033 1582 esse
1053 1523 1255 1582 subiecturum
1274 1539 1320 1581 re-

199 1616 306 1698 gnum,
323 1623 401 1700 quod
418 1621 565 1684 Guilelmo
581 1623 627 1684 Ill
643 1642 709 1684 cum
724 1627 818 1682 matre
833 1621 949 1699 Sibylla
963 1629 1106 1699 regnante
1127 1617 1191 1684 sine
1207 1625 1321 1701 praesi-

200 1725 250 1784 dio
266 1725 336 1810 tuit,
358 1746 376 1784 a
395 1723 512 1786 nemine
529 1727 700 1798 defensum,
722 1730 753 1784 et
767 1724 912 1797 confisus,
934 1725 997 1784 lore
1017 1730 1050 1784 ut
1070 1743 1173 1786 omues
1193 1727 1321 1786 barones

200 1825 376 1904 nobilesque
389 1846 444 1888 sua
456 1833 563 1906 sponte
573 1829 611 1887 ad
624 1827 752 1888 officium
763 1827 904 1887 redirent.
925 1826 989 1885 lam
1000 1827 1193 1904 totaApulia,
1205 1815 1321 1886 Lutael·

200 1927 294 1988 bardo
316 1947 381 1989 oum
404 1930 472 1990 aliis
494 1931 619 1989 ducibus
643 1935 713 2007 post
728 1928 872 1988 Tauoredi
895 1933 1019 1988 mortem
1043 1945 1187 2007 prospere
1210 1930 1322 1989 bellum

202 2031 391 2106 gerentibus,
407 2031 580 2108 imperatori
597 2031 825 2108 obtemperavit.
840 2063 882 2070 -
903 2029 1005 2106 Neque
1021 2031 1119 2090 miuus
1135 2037 1322 2108 opportunae

200 2149 249 2191 res
270 2131 465 2193 Germanicae
491 2132 570 2193 bello
593 2133 698 2192 Italico
720 2139 812 2193 eraut.
859 2133 1037 2192 Richardum
1058 2133 1184 2209 Angliae
1209 2151 1321 2210 regem,

202 2251 290 2310 quem
309 2234 481 2294 redeuntem
507 2239 625 2294 aterna
645 2241 750 2295 sancta
768 2235 940 2313 Leopoldus
963 2235 1102 2295 Austriae
1124 2236 1181 2295 dux
1202 2239 1321 2313 captum

201 2336 374 2413 imperatori
409 2336 586 2408 tradiderat,
620 2336 767 2398 Heuricus
799 2342 902 2396 eontra
941 2354 1044 2398 omnes
1080 2355 1177 2414 papae
1214 2338 1322 2397 adhor-

201 2437 330 2497 tationes
351 2437 601 2514 vehementesque
624 2439 721 2498 minas
742 2457 801 2498 nou
822 2439 881 2500 nisi
902 2439 1016 2515 ingenti
1036 2441 1163 2517 pecunia
1185 2441 1269 2510 data,
1291 2440 1322 2498 in

200 2539 370 2599 libertatem
390 2533 631 2614 restituerat.¹³²)
662 2539 728 2616 Qua
742 2543 870 2619 pecunia
884 2559 957 2601 usus
973 2545 1035 2615 est,
1055 2547 1088 2600 ut
1102 2541 1246 2602 maximas
1262 2541 1322 2600 ool-

270 2719 316 2786 132)
334 2727 369 2775 De
382 2731 449 2787 capto
458 2727 573 2774 Richardo
584 2743 657 2788 nuper
666 2729 759 2788 scripsit
768 2729 935 2789 Lohmeyerus‚
948 2742 1016 2788 quem
1028 2743 1097 2788 snpra
1108 2729 1288 2784 memoravimus,
1301 2733 1324 2775 et

201 2805 295 2852 Abelius
310 2804 393 2864 (Kbnig
402 2805 494 2864 philpp
505 2806 562 2850 307.
573 2803 638 2864 sqq.)
652 2805 710 2852 Vide
722 2805 776 2852 edu.
789 2807 829 2851 89.
842 2829 875 2836 -
887 2805 972 2865 Papam
984 2807 1190 2852 excommunicasse
1202 2806 1324 2852 Henricum
1348 2827 1353 2837 ·

158 2924 159 2928 ,
202 2882 231 2927 ob
243 2883 371 2942 captionem
383 2881 500 2936 Richardi,
513 2895 608 2940 eamque
617 2881 646 2928 ob
656 2897 760 2928 caussam
769 2897 820 2928 eum
830 2885 883 2941 post
894 2885 990 2928 mortem
1000 2895 1047 2927 uon
1059 2897 1109 2928 esse
1121 2882 1242 2942 sepultum,
1255 2883 1325 2929 relert

201 2957 257 3016 Rog.
270 2958 358 3004 Hoved.
372 2958 444 3014 Quem
456 2959 548 3003 secutus
560 2959 596 3002 est
607 2959 719 3004 Batonius
731 2973 783 3004 ann.
797 2959 852 3004 eccl.
865 2958 915 3004 llll.
929 2959 985 3004 676.
999 2959 1056 3004 693.
1068 2981 1102 2990 --
1114 2959 1200 3006 Eadem
1211 2963 1325 3007 sententio

201 3048 215 3079 a
227 3034 304 3080 multis
316 3037 422 3094 recepta:
445 3033 593 3092 Capeoelatro
606 3035 663 3080 207.
686 3035 777 3080 Ricord.
790 3035 887 3094 Malasp.
905 3049 924 3080 c.
938 3037 978 3080 88.
996 3034 1084 3080 Villani
1097 3036 1152 3081 141.
1170 3039 1244 3107 OQ
1254 3053 1268 3083 a
1279 3038 1324 3084 Da-

201 3110 273 3166 niele,
289 3111 298 3155 i
310 3110 381 3167 regali
393 3109 492 3168 sepulcri
504 3110 527 3156 di
539 3110 650 3156 Palermo.
674 3111 811 3171 Saepissime
828 3113 897 3157 etiam
913 3112 997 3157 nostris
1009 3111 1149 3168 temporibus
1161 3112 1280 3178 prbbatbm
1290 3115 1324 3158 in·

201 3187 312 3232 remmus.
339 3185 452 3232 Dubitant
468 3187 497 3231 de
513 3187 621 3242 veritate,
640 3188 681 3232 sed
697 3201 744 3232 non
759 3189 898 3246 redarguunt
913 3187 979 3233 illos:
996 3188 1054 3233 Mur.
1073 3201 1125 3233 ann.
1142 3188 1194 3234 Meo
1210 3188 1249 3234 Xl.
1267 3191 1324 3234 108.

203 3261 307 3307 Ghorrier
319 3263 337 3307 l.
350 3263 407 3308 488.
421 3275 472 3321 sqq.
489 3262 594 3309 Di-Blasi
605 3264 634 3308 ll.
648 3259 723 3310 339⁶.
741 3264 830 3310 Primus
847 3263 941 3310 Abelius
958 3265 1015 3310 315.
1033 3264 1156 3310 llenricum
1173 3265 1325 3310 excommuni-

202 3339 277 3382 catum
290 3351 341 3383 esse
353 3339 451 3396 negavit.

270 3412 289 3470 l)
309 3412 343 3459 Ob
355 3415 482 3474 captionem
494 3413 603 3462 Riohnrdi
615 3416 710 3473 Angliaa
722 3416 782 3474 regis
794 3415 899 3460 nustriae
912 3415 958 3460 dux
970 3418 1177 3462 excommunicatus
1190 3419 1233 3462 est.
1252 3416 1325 3476 Impe-

201 3492 272 3536 ratori
287 3504 342 3536 vero
359 3491 455 3536 eandem
472 3505 570 3549 poenam
587 3493 655 3538 modo
672 3493 833 3538 comminatum
849 3505 900 3537 esso
915 3505 998 3551 papam
1012 3494 1149 3538 testimoniis
1167 3493 1324 3552 praestantius.

201 3569 320 3614 suetorum
332 3569 430 3613 constat.
448 3589 482 3598 —
499 3566 531 3624 ll)
548 3567 583 3614 Ne
595 3562 649 3628 pbst
660 3570 789 3628 captionem
801 3569 893 3629 quidem
904 3568 1015 3614 nobilium
1025 3569 1050 3614 in
1063 3569 1142 3614 Sicilia
1153 3583 1174 3614 s.
1189 3569 1254 3614 1194
1266 3582 1326 3628 papa

201 3657 253 3689 oum
269 3645 482 3690 excommunicarit.
505 3643 529 3701 1)
547 3646 645 3704 epistola
661 3646 785 3692 Goelestiui
801 3646 831 3691 od
846 3645 916 3690 Henr.
933 3645 965 3690 Vl
982 3645 1005 3690 d.
1023 3646 1063 3690 27.
1081 3645 1240 3704 april.1195‚
1258 3659 1326 3704 qnam

202 3720 274 3766 edidit
284 3735 306 3766 v.
320 3721 349 3766 el.
363 3721 450 3767 Jaffeus
462 3735 523 3779 regg.
535 3725 610 3780 pontt.
622 3720 661 3779 (ol.
674 3724 733 3782 App.
746 3722 776 3768 ad
787 3721 861 3778 Magn.
874 3720 1006 3780 Reichersp.
1020 3719 1086 3778 552.)
1098 3735 1181 3780 papam
1193 3735 1244 3766 cum
1255 3721 1326 3780 impe-

204 3797 278 3840 ratore
289 3795 361 3842 inisse
373 3797 545 3843 reconciliatum
557 3799 705 3844 demonstrat.
725 3796 749 3855 2)
761 3799 811 3858 ipse
823 3798 901 3844 lnnoc.
914 3797 946 3843 lll
958 3799 982 3843 in
994 3811 1046 3856 epp.
1056 3797 1074 3842 l.
1087 3798 1127 3842 24.
1140 3797 1230 3843 scribit:
1247 3797 1325 3853 „Geel

204 3883 265 3930 papa
276 3876 381 3919 auctores
394 3876 416 3919 ot
428 3874 528 3920 lautores
541 3877 653 3934 captionis
670 3879 694 3921 et
710 3875 849 3920 demotionis
865 3874 1002 3920 venerabilis
1015 3873 1092 3919 fratris
1103 3875 1176 3919 nostn'
1189 3873 1327 3920 Salernitoni

203 3947 255 4004 sepi
266 3951 506 3996 excommunicationis
518 3953 650 3998 nunciasset
657 3952 750 3998 vinculo
759 3952 893 4006 innodatos,
905 3953 951 3997 nisi
962 3965 1003 4010 per
1014 3951 1142 4012 imperiales
1152 3952 1249 3997 nuncios
1258 3965 1326 4012 saepo

202 4021 287 4067 fuisset
302 4024 324 4069 oi
340 4038 366 4069 ac
381 4025 478 4072 tirmiter
493 4029 666 4086 repromissum,
684 4028 747 4087 quod
761 4029 823 4074 idom
840 4043 910 4088 aepus
927 4029 976 4074 sine
988 4028 1097 4074 dilatione
1114 4027 1216 4087 qualibet
1227 4028 1327 4076 libertati

105 4093 108 4098 '
146 4151 147 4154 Ἴ
205 4097 361 4145 reddemus*
384 4101 489 4162 Denique
501 4103 625 4150 Henrioum
637 4105 769 4150 solemniter
780 4119 831 4152 esse
843 4105 958 4164 sepultum
969 4105 1083 4150 testamur
1095 4104 1148 4150 Otto
1161 4104 1185 4150 S.
1197 4104 1259 4150 Blae.
1272 4104 1325 4150 Chr.

204 4173 308 4220 Gremen.
323 4175 410 4222 Sioard.
424 4177 509 4225 Chrou.
522 4179 628 4239 Ursperg.
642 4181 699 4227 (iod.
714 4181 793 4227 Golou.
806 4185 829 4228 et
841 4181 870 4227 al.
895 4173 1031 4242 Nunquam
1044 4177 1125 4242 ἐρίων
1137 4175 1328 4241 Heariousfuit

204 4249 440 4300 eno-ommunicatus.

1087 4332 1124 4384 4*
