3048 4944
580 302 585 308 '
670 301 881 366 -41-

215 500 246 554 et
260 495 329 556 inde
343 499 474 555 montem
491 495 651 556 cassinum
667 497 820 554 venerunt.
851 494 925 554 Tum
943 493 1122 570 Imperator,
1138 493 1189 569 qui
1204 512 1223 552 a
1238 491 1337 554 Saler-

215 597 326 656 nitanis
346 597 469 658 obsides
485 597 554 656 fidei
570 597 736 656 servandae
757 599 923 673 acceperat,
931 589 985 672 111)
999 593 1154 655 Salernum
1174 595 1271 668 misit,
1287 594 1339 678 qni

216 698 421 759 Constantiam
442 699 626 758 reducerent.
657 697 716 758 Sed
739 703 856 774 captam
879 713 947 756 esse
963 696 1120 772 coniugem
1141 701 1172 756 et
1186 696 1338 758 Tancredo

215 800 355 860 traditam
375 800 575 860 renuntiatum
597 805 652 860 est.
697 799 760 858 Iam
777 817 843 858 oum
858 797 1014 858 Salernum
1029 798 1176 873 venisset,
1192 797 1338 858 Constan-

216 901 259 960 tia
274 901 439 961 factionem.
452 901 516 977 regi
532 902 682 961 laventem
702 901 763 960 illic
778 901 941 961 invenerat.
973 899 1047 960 Cum
1062 903 1161 960 autem
1176 899 1338 977 imperato·

217 1020 280 1062 rem
296 1003 452 1062 obsidione
465 1003 618 1063 destitisse
630 1003 796 1062 nuntiatum
809 1007 905 1074 esset;
921 1019 986 1062 cum
1002 1002 1091 1062 etiam
1107 1019 1174 1062 eum
1189 1006 1338 1082 mortuum

219 1121 286 1164 esse
301 1121 402 1162 rumor
417 1104 590 1180 serpsisset,
598 1100 649 1178 119)
664 1105 738 1164 haec
749 1103 839 1163 factio
852 1103 1072 1180 imperatricem
1088 1107 1209 1180 ceperat
1220 1103 1337 1178 Marga-

216 1205 332 1281 ritoque
347 1205 527 1278 tradiderat,
544 1206 593 1282 qui
610 1224 675 1266 earn
691 1206 860 1266 Messanam
875 1205 913 1263 ad
928 1222 1030 1280 regem
1046 1205 1177 1264 duxerat.
1187 1201 1238 1278 ¹¹⁰)

280 1306 448 1383 Imperator
468 1325 539 1367 vero
560 1308 642 1366 nulla
661 1325 693 1367 re
714 1307 897 1366 flectebatur.
927 1306 1090 1382 Postquam
1106 1306 1269 1378 Roffridnm
1285 1306 1337 1366 ab·

217 1409 315 1468 batem
339 1409 475 1470 obsidem
498 1427 598 1468 secum
622 1409 705 1468 duxit
719 1408 756 1467 ad
772 1407 861 1481 fidem
885 1408 1077 1482 servandam,
1099 1412 1129 1467 et
1151 1409 1189 1468 ob
1213 1407 1338 1468 eandem
1371 1457 1374 1462 .

217 1527 354 1570 caussam
365 1507 540 1586 Gregorium
554 1511 617 1570 eius
629 1511 749 1569 fratrem
762 1510 829 1569 duci
836 1509 998 1586 Spoletano
1011 1509 1144 1581 tradidit,
1161 1527 1215 1586 per
1229 1509 1339 1569 vallem

216 1611 322 1671 Roveti
343 1613 398 1671 sub
421 1613 570 1688 praesidio
587 1612 667 1671 Petri
683 1611 784 1672 Gelani
806 1610 923 1670 comitis
946 1610 1005 1670 sibi
1025 1610 1122 1670 fidelis
1143 1611 1200 1670 iter
1219 1609 1290 1669 lecit
1310 1614 1340 1669 et

217 1712 315 1771 medio
331 1714 484 1773 novembri
501 1711 635 1773 Genuam
651 1713 748 1784 venit,
768 1713 819 1772 ubi
839 1713 898 1771 iam
915 1712 951 1771 de
973 1729 1052 1771 nova
1067 1712 1255 1789 expeditione
1272 1730 1338 1771 cum

217 1811 426 1874 Genuensibus
442 1815 518 1890 egit,
534 1832 660 1892 magnas
676 1815 713 1874 iis
729 1815 884 1874 libertates
900 1813 1087 1890 promittens.

282 1913 484 1975 Genuensium
500 1917 623 1988 classis,
645 1934 720 1992 quae
736 1915 859 2004 triginta
873 1915 969 1974 tribus
984 1915 1155 1976 triremibus
1170 1916 1338 1986 constabat,

218 2017 343 2077 ducibus
359 2017 539 2078 Bellobruno
562 2023 592 2077 et
616 2017 750 2077 Rubaldo
774 2017 810 2076 de
826 2016 1037 2088 Carmandinc,
1059 2016 1087 2075 d.
1108 2019 1144 2074 15
1162 2035 1229 2092 aug.
1246 2017 1338 2076 altum

219 2124 337 2194 petens,
354 2137 448 2195 nsque
460 2120 496 2178 ad
510 2119 673 2180 Castellum
685 2119 723 2177 ad
739 2137 820 2178 mare
836 2122 966 2177 venerat.
990 2117 1048 2176 Sed
1065 2135 1129 2176 cnm
1142 2118 1337 2190 audivissent,

218 2219 392 2279 Pisandrum
409 2221 537 2280 classem
557 2219 614 2279 iarn
632 2238 700 2279 esse
715 2220 846 2294 fugatam
864 2225 894 2278 et
909 2219 1117 2296 imperatorem
1134 2224 1338 2295 aegrotantem

218 2320 255 2378 ab
277 2321 433 2381 obsidione
453 2322 634 2393 recessisse,
655 2321 785 2381 Iscbiam
807 2325 836 2380 et
856 2320 924 2379 inde
942 2320 1069 2380 llontem
1086 2320 1222 2381 Cercellii
1242 2321 1337 2380 redie-

283 2585 329 2648 l⁰⁸)
347 2593 419 2639 Erant
435 2595 549 2640 Aldrisius
566 2596 690 2640 adiaconus
702 2596 725 2639 et
737 2594 783 2639 alii.
807 2593 927 2654 Engelius,
945 2593 985 2650 qui
1000 2593 1087 2651 primns
1099 2593 1159 2638 Petr.
1172 2592 1239 2637 Ebul.
1257 2592 1336 2647 edidit,

148 2669 153 2680 '
214 2667 298 2727 ubique
316 2669 340 2714 in
357 2684 408 2714 eum
426 2684 524 2718 errorem
540 2671 633 2726 incidit,
656 2673 681 2716 ut
697 2671 758 2716 hunc
775 2669 910 2714 adiaoonum
926 2681 978 2713 cum
994 2682 1063 2726 sepo,
1086 2683 1154 2728 quem
1170 2669 1251 2714 Petrus
1269 2681 1337 2726 saepe

219 2743 377 2798 ,Praesulem“
392 2747 505 2800 nominat,
525 2746 660 2801 confundat,
679 2748 747 2792 etiam
759 2758 798 2790 eos
810 2758 881 2789 unum
892 2744 1033 2803 eundemque
1045 2757 1096 2790 esse
1109 2745 1264 2790 demonstrare
1277 2758 1337 2790 sum-

214 2833 305 2878 mopere
318 2822 397 2865 tentet.
416 2820 525 2866 Nicolaus
536 2821 637 2878 Ajellus,
656 2823 768 2868 Tancredi
780 2821 867 2875 affinis,
884 2834 954 2878 nepus
967 2820 1136 2876 salernitanus,
1156 2814 1271 2882 Neapola¹
1282 2824 1337 2870 erat.

215 2895 250 2942 cf.
261 2897 314 2941 adn.
322 2897 362 2942 95.
376 2896 405 2941 cl.
416 2896 476 2941 Petr.
489 2897 556 2942 Ebnl.
568 2912 590 2943 v.
601 2898 658 2943 490.
669 2911 719 2958 sqq.
732 2921 765 2928 —
777 2896 957 2942 ArchidIsconus
967 2897 1065 2942 Henrico
1075 2896 1108 2941 Vl
1120 2900 1168 2942 erat
1179 2897 1335 2943 fidelissimus.

217 2972 277 3017 Petr.
290 2971 332 3017 ΕΙ).
347 2973 403 3018 392.
417 2986 467 3032 sqq.
480 2997 513 3004 —
529 2974 660 3019 Praesulem
671 2988 724 3019 vero
738 2970 795 3032 reyi
805 2973 927 3018 adhaerere
940 2975 963 3017 et
974 2972 1071 3031 Neapoli
1082 2974 1168 3018 versari
1180 2974 1337 3020 demonstrant
1383 2975 1388 2984 '

216 3063 251 3093 vv.
266 3049 323 3094 597.
338 3050 394 3094 601.
407 3062 457 3108 sqq.
471 3073 504 3080 —
517 3049 546 3094 cl.
559 3050 610 3095 Meo
622 3049 661 3096 Xl.
673 3050 714 3096 45.
728 3051 768 3096 50.

283 3119 329 3181 109)
347 3126 402 3184 imp.
421 3129 456 3171 est
473 3127 571 3184 graviter
585 3127 725 3181 infirmatus,
742 3127 775 3171 ita
791 3129 816 3172 nt
832 3126 950 3172 dicebatur
961 3128 1071 3172 mortuns.
1096 3126 1232 3172 TheutonIci
1244 3127 1272 3172 de
1284 3141 1336 3184 rege

213 3201 260 3245 alio
279 3201 323 3245 iam
340 3203 469 3248 tractabant
485 3206 508 3248 et
524 3203 620 3247 mariale
634 3203 680 3248 dux
692 3202 777 3257 lleinr,
795 3203 859 3248 cuius
871 3202 932 3248 lilius
945 3203 1022 3248 Heinr.
1039 3203 1084 3248 iam
1102 3204 1270 3262 conspiraverat
1286 3217 1337 3248 cum

153 3305 156 3314 .
215 3275 363 3331 Thancrado,
377 3278 416 3336 qui
428 3292 501 3336 nuper
513 3292 617 3324 reversus
629 3293 670 3338 per
682 3279 799 3324 Graeciam
810 3301 843 3309 -
860 3302 893 3310 —
905 3279 1010 3324 redierat.
1028 3279 1088 3323 Ann.
1103 3279 1208 3324 Studeas.
1221 3279 1278 3324 352.
1296 3275 1336 3334 (Μ.

214 3351 240 3396 G.
251 3351 321 3408 XVI.)
334 3351 363 3397 ci.
378 3352 498 3398 Gislebert.
513 3353 570 3398 402.
584 3355 822 3414 —AnmbquIcinct
836 3352 949 3414 (Bonquet
960 3353 1053 3410 XVIII.)
1066 3355 1123 3399 427.
1135 3378 1169 3385 —
1185 3357 1240 3400 Am.
1252 3355 1336 3400 Lubec.
1365 3349 1369 3358 ’

213 3427 252 3472 lV.
270 3429 293 3472 6.
315 3428 460 3486 —Neapoli
476 3429 537 3474 idem
553 3443 630 3474 rumor
645 3433 741 3489 vagatus
757 3433 793 3475 est
808 3432 867 3476 teste
885 3430 945 3475 Petr.
958 3430 1025 3475 Ilbnl.
1039 3429 1096 3476 545.
1113 3453 1146 3462 -
1162 3431 1336 3476 idemSalerni.

207 3504 273 3549 Petr.
286 3503 352 3550 Ebul.
367 3504 423 3549 591.
708 3555 720 3572 ο
1235 3559 1238 3566 Ι

281 3574 327 3637 110)
338 3579 390 3625 Vid.
397 3581 508 3638 imprimis
518 3580 577 3626 Petr.
584 3581 651 3627 Ebul.
662 3583 679 3627 Ι.
686 3583 744 3629 448.
752 3597 802 3642 sqq.
814 3584 870 3630 665.
877 3597 927 3643 sqq.
939 3583 1036 3642 quirem
1047 3583 1129 3628 diffuse
1139 3585 1223 3628 narrat.
1230 3607 1263 3614 —
1270 3584 1337 3630 (lives

213 3657 351 3702 Salernitani
363 3658 386 3700 et
397 3657 473 3714 ipsum
482 3657 536 3715 imp.
547 3660 660 3702 mortuum
670 3659 833 3714 existImantes‚
843 3660 883 3718 qui
893 3660 914 3704 ei
924 3663 991 3705 antea
1002 3659 1116 3714 favebant,
1130 3661 1159 3705 ad
1171 3649 1266 3718 {trullam
1278 3661 1337 3707 Tan-

212 3733 274 3776 credi
286 3733 464 3792 recuperandam
475 3734 652 3791 imperatricem,
671 3747 728 3792 quae
741 3736 765 3780 in
777 3737 857 3781 eadem
868 3736 924 3781 urbe
937 3735 1045 3793 degebat,
1060 3738 1170 3794 ceperunt
1182 3739 1205 3781 et
1217 3737 1335 3782 custodiae

210 3807 320 3854 honestae
332 3810 525 3868 mancipaverunt.
543 3810 602 3854 Ann.
616 3811 697 3869 Aqola.
708 3811 765 3856 542.
779 3834 812 3842 -
824 3811 884 3856 idem
895 3811 999 3856 Anselm.
1013 3812 1128 3857 Gemblec.
1144 3813 1216 3858 1000.
1230 3813 1336 3859 -Gon-

212 3883 295 3928 stantia
303 3885 494 3930 tumultuantibus
503 3885 583 3930 turmis
594 3899 607 3930 a
618 3889 682 3944 parte
695 3888 791 3933 adversa
803 3889 893 3949 captiva
906 3887 1034 3933 abducitur.
1053 3889 1113 3933 Ann.
1122 3888 1335 3934 Reinhardsbrunn.

212 3959 248 4006 ed.
259 3955 353 4016 ‚Wegelb
367 3961 405 4005 60.
423 3983 457 3992 --
473 3961 563 4006 Erravit
579 3963 648 4019 igitur
664 3964 817 4018 Gislebertns,
838 3965 917 4010 dicens
933 3977 956 4022 p.
972 3965 1034 4008 407:
1054 3963 1193 4009 Salernitoni
1211 3979 1260 4010 eam
1278 3966 1336 4012 Tan-

212 4035 287 4088 credo,
300 4031 348 4079 eius
360 4038 453 4094 accepto
466 4051 529 4092 auro,
542 4039 692 4084 tradiderunt.
706 4039 735 4084 cl.
749 4040 836 4086 Sicard.
850 4040 898 4086 chr.
912 4039 969 4085 615.
983 4063 1016 4070 -
1029 4039 1088 4085 Guil.
1102 4039 1210 4097 Nenbrig.
1224 4040 1252 4085 V.
1266 4042 1290 4086 7.
1303 4065 1337 4073 -

212 4110 269 4154 God.
283 4108 362 4154 Goion.
380 4133 413 4140 -
430 4112 490 4156 lllale
507 4113 548 4158 bes
565 4128 601 4159 res
618 4114 719 4160 referunt
731 4115 785 4161 Otto
798 4116 821 4162 S.
834 4116 896 4162 Blas.
912 4119 935 4161 et
948 4115 1031 4160 Ghron.
1044 4115 1151 4174 Ursperg.
1165 4118 1222 4162 232.
1242 4140 1276 4148 -
1293 4118 1336 4162 Re-

211 4185 337 4229 centiorum
346 4199 367 4229 v.
377 4199 430 4230 ann.
440 4187 464 4232 di
475 4187 526 4232 Meo
539 4188 577 4234 XI.
591 4190 631 4234 53.
644 4213 677 4221 -
691 4190 813 4247 Sismondl,
827 4191 927 4237 Histoire
940 4193 981 4237 des
993 4188 1081 4251 republ.
1094 4191 1223 4238 ilaliennes.
1242 4190 1336 4249 (Ziarich

211 4260 268 4308 807.
281 4253 326 4318 ⁸⁰.)
338 4260 367 4306 Il.
381 4261 437 4307 272.
450 4285 483 4294 —
496 4263 530 4309 Ol.
543 4265 596 4311 adn.
611 4266 667 4312 107.
