3048 4944
742 877 797 937 111.

280 995 490 1086 Iliplomata
516 996 754 1067 constantiae
782 996 870 1068 vivo
896 997 1057 1069 Henrieo
1083 996 1139 1068 VI
1165 997 1261 1068 datu.

151 1364 172 1416 l.
250 1395 283 1403 -
370 1365 470 1418 octobr.
488 1366 558 1418 1195.
592 1362 649 1416 lnd.
662 1363 730 1417 XIV.
750 1363 825 1430 (Pirri
844 1363 870 1420 S.
885 1362 911 1417 S.
925 1363 991 1432 XV.)
1009 1363 1159 1432 Mongitore
1177 1363 1278 1433 (bullae
1296 1367 1324 1418 et
1341 1365 1408 1434 priv.

625 1447 748 1502 Panorm.
763 1449 826 1504 eccl.
843 1448 909 1504 Pau.
925 1449 999 1502 1734.
1012 1447 1070 1517 fol.)
1083 1449 1123 1502 62.
1142 1479 1175 1488 -
1192 1447 1338 1503 Mortillaro
1351 1451 1408 1518 (ca-

624 1532 717 1602 talogo
746 1534 788 1588 dei
821 1533 930 1603 diplomi
958 1533 1080 1588 esistenti
1108 1532 1151 1587 nel
1178 1533 1309 1588 tabulario
1336 1533 1408 1587 della

625 1618 737 1672 cattedr.
751 1619 776 1672 di
790 1618 845 1673 Pal.
864 1618 918 1673 Pal.
937 1620 1008 1672 1842.
1028 1621 1077 1686 80.)
1090 1618 1147 1670 310.
1167 1649 1200 1656 -
1214 1619 1247 1672 ct.
1261 1617 1326 1672 Pirri
1340 1615 1366 1672 S.
1378 1618 1405 1674 S.

629 1703 682 1756 lll.
697 1735 728 1741 -
745 1703 901 1758 Donauioue
915 1704 977 1758 d’un
991 1703 1088 1758 (lescle
1107 1734 1139 1740 —
1158 1702 1227 1757 latta
1246 1735 1276 1742 -
1295 1703 1348 1757 alle
1365 1703 1406 1758 ch.

624 1787 805 1842 Palermitanu
818 1791 859 1842 col
870 1806 992 1843 consenso
1007 1790 1075 1842 dello
1085 1790 1258 1858 imperudrice
1270 1789 1405 1843 Cortuosa.

148 1874 171 1927 2.
198 1874 330 1929 Panormi.
370 1870 460 1929 n'ovbr.
478 1876 548 1929 1195.
590 1873 647 1926 lnd.
659 1873 724 1927 XIV.
743 1873 809 1928 Pirri
823 1873 850 1928 S.
863 1874 889 1928 S.
907 1877 977 1928 llitl.
1001 1873 1197 1928 Confirmamus
1210 1873 1321 1928 liarensi
1335 1873 1408 1927 eccle

624 1961 710 2012 totum
729 1959 860 2012 decimam
879 1959 1032 2013 reddituum
1050 1963 1078 2013 et
1095 1961 1287 2028 proventuum,
1307 1975 1356 2028 que
1373 1960 1409 2011 ud

623 2052 738 2096 nostrum
754 2047 848 2112 fiscum
864 2047 998 2116 pertinent
1018 2045 1089 2098 iutra
1112 2047 1138 2098 et
1161 2046 1236 2098 extra
1257 2043 1327 2097 civit.
1355 2043 1407 2096 Ba-

624 2145 743 2195 rensem‚
762 2129 832 2183 sicut
850 2145 896 2183 rex
915 2129 952 2183 W.
973 2145 1058 2198 nepos
1077 2133 1169 2183 noster
1187 2129 1316 2198 precepit,
1336 2129 1407 2182 deci-

624 2231 695 2268 mam
717 2213 791 2267 redd.
817 2217 844 2267 et
867 2231 941 2283 prov.
966 2213 1065 2268 casalis
1085 2214 1153 2268 Johe
1177 2231 1209 2268 ac
1230 2213 1314 2268 totius
1337 2218 1407 2268 terre

365 2372 368 2377 .
560 2305 562 2310 “
623 2299 757 2363 Berensis
778 2315 826 2368 que
840 2301 963 2370 provenit
979 2301 1015 2352 ad
1034 2301 1316 2353 demaniumbostrum.
1346 2299 1406 2354 Gle-

622 2384 693 2438 ricos
706 2382 833 2437 Berensis
846 2383 987 2452 parrochie
1001 2383 1034 2438 ab
1048 2384 1166 2452 angariis
1180 2387 1206 2438 et
1219 2384 1278 2440 aliis
1292 2385 1406 2440 servitiis

622 2467 721 2522 liberos
741 2483 801 2522 esse
820 2468 951 2523 volumus
973 2500 1006 2507 —
1029 2485 1080 2522 nec
1098 2469 1179 2524 liceat
1197 2470 1343 2524 baronibus
1361 2486 1406 2524 ex-

622 2553 721 2622 pellere
735 2553 847 2608 clericos
873 2585 894 2591 --
918 2554 969 2608 nisi
988 2554 1098 2623 speciali
1118 2555 1247 2609 mandato
1261 2559 1361 2610 nostro.
1374 2587 1406 2594 —

623 2641 778 2692 auctoritare
796 2647 887 2692 nostru
906 2639 1050 2694 statuimus
1069 2643 1097 2693 et
1115 2639 1260 2704 donamus,
1279 2644 1309 2694 ut
1329 2640 1408 2710 „quia

623 2723 718 2777 civitas
732 2722 831 2778 Cetera
844 2723 979 2794 (Cattaro)
993 2740 1044 2794 que
1058 2728 1100 2779 est
1113 2725 1140 2778 in
1151 2725 1295 2791 Dalmatia,
1310 2725 1408 2780 suffra-

622 2824 710 2877 ganee
720 2809 893 2863 estBarensis
905 2809 989 2878 aepi‚“
998 2811 1069 2879 quod
1077 2811 1319 2882 odbouoremrepui
1327 2814 1411 2865 uestri

622 2893 742 2948 noscitur
753 2894 913 2959 redundare,
924 2895 1146 2965 quotiescumque
1156 2897 1318 2952 Gatarenses
1336 2896 1408 2952 cives

622 2979 767 3048 adportes
787 2979 883 3048 Apulie
902 2980 1038 3046 venerint,
1064 2981 1096 3035 de
1116 2981 1330 3052 quibuscumque
1349 2982 1407 3036 sue-

622 3063 676 3116 rint
699 3065 819 3133 impediti
845 3082 897 3119 uon
923 3066 1108 3135 respondeant
1133 3067 1184 3120 nisi
1207 3066 1234 3118 in
1258 3067 1332 3120 curia
1355 3067 1406 3121 Ba-

623 3149 710 3202 rensis
730 3149 808 3202 eccle.
829 3150 958 3204 adonius
978 3155 1028 3204 cet.
1048 3183 1079 3190 —
1098 3151 1265 3220 privilegium
1284 3155 1405 3206 nostrum

624 3234 755 3289 conscribi
774 3239 801 3288 et
820 3235 970 3290 maiestatis
983 3240 1075 3290 nostre
1089 3236 1176 3306 sigillo
1189 3251 1265 3290 cereo
1278 3235 1405 3290 iussimus

623 3318 749 3372 roborari.
785 3351 817 3358 —-
852 3323 983 3388 regnante
1017 3321 1041 3375 d.
1070 3325 1162 3376 nostro
1190 3321 1222 3374 H.
1249 3320 1291 3375 Vl.
1316 3320 1340 3374 d.
1366 3335 1404 3388 gr.

622 3404 765 3472 magnifico
789 3405 819 3458 lt.
843 3405 905 3474 imp.
931 3422 951 3459 s.
976 3421 1037 3475 aug.
1062 3410 1088 3460 et
1105 3423 1168 3475 rege
1189 3405 1240 3460 Sic.
1259 3405 1405 3476 gloriosiss.

146 3491 169 3544 3.
196 3491 329 3546 Panormi.
369 3494 458 3548 novbr.
477 3495 546 3547 1195.
590 3489 646 3542 lnd.
660 3489 726 3542 XIV.
745 3489 812 3543 Pirri
826 3490 851 3543 S.
867 3491 892 3546 S.
911 3493 981 3545 1179.
1001 3491 1141 3560 privilegia
1160 3495 1274 3546 monast.
1293 3491 1406 3544 Roboris

624 3574 718 3629 Grossi
737 3575 833 3644 (dioec.
854 3577 978 3644 Catane.)
1000 3577 1147 3631 confirmat.

146 3663 170 3715 4.
248 3693 280 3702 -
369 3664 501 3718 decembr.
590 3659 727 3714 lnd.XlV.
747 3661 813 3714 Pirri
833 3663 859 3717 S.
879 3661 904 3716 S.
929 3662 999 3715 1993.
1028 3661 1191 3716 Monasterio
1210 3661 1235 3713 S.
1255 3658 1355 3714 Mariae
1374 3661 1406 3715 de
1473 3713 1477 3724 ,

624 3744 713 3799 Neara
736 3750 786 3816 (pr.
813 3748 969 3816 Messinam]
994 3764 1123 3817 pascuam
1149 3761 1211 3814 „per
1234 3749 1332 3798 terram
1360 3747 1404 3800 de-

625 3831 706 3884 manii
725 3832 825 3886 nostri“
851 3837 878 3886 et
897 3833 929 3886 al.
949 3833 1079 3887 concedit.
1104 3832 1246 3900 Regnunte
1270 3831 1294 3884 d.
1314 3835 1405 3886 nostro

625 3921 674 3970 etc.
695 3920 744 3970 etc.
763 3935 837 3972 reon.
858 3917 929 3971 Sicil.
949 3918 980 3970 ll.

145 4004 169 4054 ὁ,
184 3966 331 4056 lPuuormi.
354 3997 469 4058 'innitar
488 4006 557 4058 llud.
591 4002 647 4054 lud.
661 4003 726 4055 XlV.
745 3963 812 4056 Pirroi
826 4003 851 4058 S.
866 4003 891 4056 S.
914 4004 986 4054 llll.
1014 4002 1128 4056 Monast.
1149 4001 1174 4055 S.
1195 4002 1294 4056 Mariae
1313 4003 1346 4056 de
1360 4003 1404 4056 Jo-

184 4064 186 4141 l
625 4087 723 4155 saphat
740 4087 767 4140 in
786 4087 909 4140 Paternis
927 4086 954 4140 in
972 4087 1087 4156 praesid.
1107 4087 1210 4158 recipit.

146 4173 169 4224 e.
197 4172 330 4226 Panormi.
373 4175 408 4227 m.
423 4175 523 4244 aprilis.
590 4172 647 4225 mu.
661 4172 726 4226 rur.
746 4172 812 4226 Pirri
825 4171 851 4226 s.
866 4171 891 4226 s.
908 4173 962 4225 131.
976 4204 1009 4212 -
1024 4173 1169 4228 numum
1182 4176 1223 4227 rr.
1242 4205 1274 4213 -
1293 4174 1405 4241 rnveges

183 4301 185 4340 Ι
626 4262 698 4328 (ann.
727 4259 753 4315 di
780 4258 848 4328 Pal.)
871 4259 916 4312 lll.
945 4261 1003 4314 491,
1030 4291 1062 4298 -
1089 4261 1231 4336 Proposuit
1255 4258 1404 4317 celsitudini
