3048 4944
662 1175 797 1250 orror
819 1175 851 1274 1,

554 1345 597 1404 De
618 1343 728 1422 nuptiis
749 1343 873 1404 Henrioi
894 1345 945 1404 VI.

192 1478 449 1574 Normannorum
463 1516 549 1592 regni
564 1516 735 1593 occupatio,
756 1533 843 1590 quarn
864 1510 991 1590 primurn
1007 1509 1235 1576 meditatus'est
1250 1516 1313 1575 Fri·

193 1617 310 1676 deri-cus
322 1617 346 1689 I,
359 1635 476 1676 summa
491 1617 518 1675 vi
535 1622 565 1676 et
576 1617 745 1676 constantia
756 1617 876 1674 molitus
892 1621 939 1675 est
951 1613 1097 1676 Henricns
1110 1618 1159 1690 VI,
1175 1619 1211 1676 ad
1225 1618 1313 1677 linem

192 1719 318 1778 feliciter
338 1719 460 1778 adduxit
482 1719 651 1778 Fridericus
673 1719 718 1788 II,
739 1719 840 1794 magui
859 1719 889 1775 in
911 1718 1007 1794 patria
1026 1718 1152 1777 historia
1171 1722 1314 1780 momenti

193 1827 248 1881 est.
272 1820 428 1880 Fortitudo
445 1826 615 1902 etumagnus
631 1821 842 1897 imperatorum
859 1819 1054 1878 Stauficorum
1076 1821 1192 1881 animus
1213 1823 1242 1880 in
1258 1823 1315 1880 hac

193 1940 225 1982 re
248 1923 413 1982 clarissime
437 1923 627 2000 exsplendet,
651 1922 812 1997 eademque
835 1922 891 1979 luit
913 1939 1014 1980 eorum
1038 1923 1174 1982 interitus
1197 1941 1312 1982 caussa.

194 2055 236 2066 --
256 2024 360 2101 Itaque
375 2029 460 2101 quae
472 2025 560 2084 luerit
575 2025 658 2100 origo
674 2023 755 2082 illius
771 2023 990 2100 occupationis,
1007 2025 1154 2099 quomodo
1170 2032 1315 2100 concepta

195 2133 224 2186 et
238 2128 317 2185 facta
332 2127 385 2196 sit,
402 2126 533 2185 breviter
548 2126 767 2197 enarrabimus
790 2125 967 2201 incipientes
983 2143 1001 2183 a
1017 2127 1129 2202 nuptiis
1145 2127 1222 2185 inter
1238 2125 1313 2186 Con-

194 2229 349 2298 stantiam,
370 2227 450 2285 illius
465 2227 549 2301 regni
569 2227 709 2286 heredem
725 2234 755 2286 et
769 2227 928 2286 Henricum
946 2227 986 2285 VI
1002 2245 1028 2284 a.
1050 2230 1128 2287 1186
1145 2228 1312 2299 celebratis,

194 2337 224 2389 et
239 2328 419 2388 deducentes
434 2328 588 2388 historiam
604 2328 642 2386 ad
659 2329 889 2401 coronationem,
906 2345 964 2405 qua
979 2329 1124 2388 Henricus
1138 2329 1178 2388 VI
1194 2349 1219 2389 a.
1232 2333 1312 2403 1194
1331 2369 1335 2374 -

193 2430 513 2490 rexSiciliaePanormi
525 2431 620 2488 iactus
633 2437 688 2490 est.
697 2429 806 2490 -Nec
817 2436 915 2490 tamen
928 2436 1021 2490 totam
1036 2431 1153 2490 illorum
1168 2447 1313 2490 annorum

194 2532 350 2592 historiam
370 2533 459 2609 plane
475 2533 646 2602 enarrandi,
664 2549 758 2608 neque
775 2532 811 2591 de
826 2531 953 2608 singuiis
974 2533 1095 2592 levioris
1111 2535 1251 2593 momenti
1267 2551 1313 2592 re-

195 2635 266 2704 bus,
283 2633 320 2692 ad
342 2635 565 2711 occupationem
580 2635 665 2710 regni
687 2635 907 2711 spectantibus,
929 2635 1051 2711 copiose
1072 2635 1189 2712 lateque
1206 2635 1314 2710 agendi

194 2737 243 2795 hio
259 2736 346 2796 nobis
361 2737 488 2795 facultas
505 2735 599 2806 datur,
616 2737 668 2794 sed
686 2753 852 2812 speramus,
868 2737 930 2794 fore
947 2741 979 2794 ut
993 2736 1052 2795 alio
1068 2737 1133 2796 loco
1147 2738 1313 2814 exponendi

195 2855 240 2910 ea,
253 2855 327 2916 quae
342 2839 391 2898 hic
406 2837 627 2908 adumbramus
640 2843 775 2914 potestas
791 2855 846 2896 nos
859 2855 917 2896 uon
930 2837 1055 2897 deficiat.
1080 2838 1158 2897 Illud
1174 2840 1203 2897 in
1216 2840 1313 2898 animo

195 2947 249 3010 est,
263 2940 427 3000 consistere
443 2940 543 3016 potius
559 2939 588 2997 in
604 2939 642 2998 iis
655 2939 811 2998 narrandis
827 2939 1114 3016 perlustrandisque,
1126 2958 1202 3016 quae
1214 2941 1315 3016 magni

193 3043 223 3102 in
243 3044 299 3102 hae
318 3061 350 3102 re
366 3049 451 3102 erant
466 3041 605 3100 momenti
625 3039 662 3098 ad
679 3046 788 3100 statum
808 3059 907 3100 rerum
922 3041 1137 3100 immutandum
1152 3048 1182 3102 et
1197 3043 1234 3100 ad
1251 3043 1313 3102 dis-

194 3145 303 3204 crimen
325 3145 519 3220 effectumque
540 3141 755 3202 adducendum.
800 3141 857 3200 Illa
878 3143 1016 3202 distincte
1032 3149 1061 3202 et
1077 3143 1170 3216 clare,
1190 3149 1223 3202 ut
1242 3161 1313 3220 pos·

196 3262 312 3316 sumus,
329 3263 542 3324 proponamus,

260 3447 303 3507 Ac
318 3447 444 3523 primum
459 3449 577 3526 quidem
590 3447 771 3508 disserentes
788 3465 842 3506 nos
856 3447 891 3506 de
908 3447 1019 3525 nuptiis
1032 3447 1152 3506 Henrioi
1166 3447 1207 3505 VI
1225 3465 1314 3523 agere

161 3629 164 3635 Ι
194 3567 318 3612 necesse
334 3554 381 3609 est
396 3549 432 3608 de
449 3552 580 3622 caussis,
597 3551 705 3626 quibus
725 3553 823 3608 motus
844 3549 1027 3621 Fridericus,
1048 3554 1081 3608 ut
1096 3549 1314 3608 matrimonium

196 3652 272 3711 inter
287 3651 447 3712 Henricum
463 3657 493 3710 et
505 3651 709 3712 Constantiam
726 3651 904 3723 conciliaret,
921 3667 1043 3727 operam
1059 3651 1182 3710 dederit.
1217 3650 1314 3726 Vulgo

195 3753 224 3811 in
241 3771 277 3812 ea
292 3754 440 3814 sententia
456 3760 525 3814 sunt
541 3753 595 3812 viri
612 3753 700 3826 docti,
716 3761 749 3813 ut
764 3753 946 3813 Friderioum
960 3751 985 3822 Ι,
1003 3771 1104 3837 pugna
1118 3751 1198 3829 apud
1214 3751 1313 3827 Ligni-

195 3873 282 3916 anum
300 3857 460 3916 commissa
475 3862 504 3916 et
519 3873 594 3932 pace
610 3855 806 3916 Constantina
821 3855 912 3926 facta,
934 3855 1053 3914 omnino
1069 3854 1106 3914 de
1126 3855 1216 3914 rebus
1231 3852 1314 3912 ltali-

196 3957 239 4016 cis
255 3957 434 4035 desperasse
451 3963 481 4016 et
495 3958 598 4030 modo,
614 3962 647 4016 ut
661 3957 791 4033 quietum
806 3961 921 4017 teneret
935 3955 1106 4033 imperium,
1123 3972 1244 4014 curasse
1259 3973 1314 4032 pu·

194 4058 267 4113 tent.
291 4057 377 4118 Certe
394 4059 431 4118 de
447 4066 554 4119 conatu
569 4059 763 4120 Lombardiae
780 4059 916 4118 civitates
933 4075 1004 4118 suae
1017 4055 1122 4116 ditioni
1138 4055 1314 4117 subiiciendi

195 4171 305 4230 easque
319 4161 457 4232 regendi,
480 4162 609 4237 sapienti
625 4179 697 4222 usus
712 4161 931 4233 moderatione,
948 4159 1072 4220 destitit.
1096 4160 1236 4218 Attamen
1252 4176 1313 4217 om·

194 4257 264 4316 nino
281 4256 421 4318 derebus
437 4259 550 4318 italicis
566 4279 725 4335 numquam
741 4262 923 4339 desperavit.
948 4261 1074 4338 Magnus
1090 4261 1154 4320 eius
1169 4260 1200 4319 in
1216 4259 1313 4319 conoi-

1098 4357 1108 4406 l
