3048 4944
672 295 884 361 ..16-

216 489 292 549 duos
308 489 402 563 filios,
419 485 606 550 Tancredum
622 495 652 550 et
667 489 847 552 Guilelmurn
864 509 899 552 cx
914 509 951 554 ea
965 485 1076 568 genuit.
1105 492 1191 568 Quod
1206 507 1340 554 6616161

216 592 428 669 comperisset,
451 593 552 652 statim
573 593 666 653 filium
681 594 719 653 ad
736 611 768 654 66
783 596 917 654 revocari
935 595 1032 654 iussit.
1062 595 1200 655 Attamen
1217 597 1339 656 crebrae

215 711 349 752 amorum
365 693 536 770 voluptates
551 695 594 753 ita
610 695 688 755 vires
704 697 839 773 corporis
855 695 1099 770 debilitaverant,
1115 701 1148 756 ut
1162 698 1192 756 in
1208 697 1338 757 Siciliam

215 811 355 856 reversus
371 796 549 871 gravissime
565 805 720 872 aegrotare
735 798 889 875 inciperet.
913 797 1045 858 Tradunt
1060 800 1179 875 quidem
1194 800 1338 873 nonnulli,

215 897 308 957 filium
335 898 593 958 contabescentem
620 899 801 960 instantibus
825 901 964 978 precibus
990 901 1122 960 movisse
1149 907 1279 979 patrem,
1306 907 1339 960 ut

215 1000 336 1076 nuptias
358 1017 424 1058 cum
444 999 555 1060 Bianca
572 1003 765 1078 permitteret.
795 1001 851 1061 Sed
875 1003 1049 1079 priusquam
1070 1003 1237 1063 celebratae
1259 1009 1337 1076 sunt,

213 1101 360 1176 Rogerius
378 1101 527 1161 Messinae
547 1108 680 1162 mortuus
702 1097 805 1177 66137).
839 1104 901 1163 Rex
922 1104 1024 1164 dolore
1045 1108 1075 1164 61
1095 1105 1138 1164 116
1154 1111 1335 1177 commotus,

215 1204 351 1264 comitem
367 1203 441 1263 Licii
462 1221 529 1262 curn
549 1223 639 1264 uxore
661 1211 690 1264 61
709 1206 812 1266 liberis
831 1223 865 1265 en
882 1224 975 1282 regno
992 1208 1147 1283 relegavit.
1179 1207 1286 1268 Comes
1307 1209 1337 1266 in

216 1303 342 1364 Graecia
358 1306 440 1365 exsul
457 1307 537 1366 vixit.
567 1306 635 1365 Filii
652 1307 772 1383 Rogerii
788 1309 817 1366 in
833 1309 946 1385 palatio
962 1309 1171 1368 Panormitano
1187 1309 1217 1368 in
1233 1309 1337 1369 solitu·

215 1408 283 1467 dine
301 1409 431 1481 educati,
448 1409 552 1486 procul
569 1428 586 1467 a
602 1414 687 1468 coetu
702 1410 853 1470 hominurn
870 1411 960 1469 vitam
978 1416 1111 1486 egerunt.
1380 1406 1382 1411 ’

278 1491 454 1582 Guilelmus,
467 1517 537 1569 natu
549 1511 655 1584 minor,
668 1511 729 1570 illic
741 1517 875 1572 mortuus
889 1518 943 1572 cst.
967 1513 1148 1582 Tancrcdus,
1162 1510 1308 1572 Guilelmc
1322 1511 1336 1572 I

214 1612 291 1688 patri
307 1613 336 1670 in
352 1630 444 1688 regno
463 1613 654 1686 succedente,
672 1631 687 1672 6
704 1615 840 1674 custodia
854 1615 998 1674 liberatus
1015 1621 1069 1674 661.
1105 1613 1164 1674 Sed
1182 1614 1241 1674 iarn
1258 1615 1337 1674 inse·

215 1715 315 1790 quenti
337 1732 414 1774 anno
437 1721 489 1773 aut
510 1734 586 1773 vana
608 1733 662 1792 spe
687 1723 861 1776 occaecatus
887 1724 939 1775 aut
961 1716 1115 1775 iracundia
1135 1716 1171 1775 (16
1192 1717 1337 1792 iis,quae

215 1833 380 1893 perpessus
396 1822 469 1888 erat,
485 1817 634 1888 inductus,
648 1835 712 1876 curn
729 1818 796 1878 aliis
813 1824 915 1878 contra
929 1836 1031 1894 regern
1043 1819 1238 1895 conspiravit.
1262 1817 1336 1877 Nam

215 1917 358 1977 B'oncllus
375 1918 520 1977 Maicnem
538 1919 696 1995 occiderat,
713 1926 745 1978 ut
760 1939 852 1997 supra
867 1926 1072 1992 memoratum,
1088 1939 1228 1995 magnum
1245 1921 1337 1980 scele-

215 2019 257 2078 ris
275 2020 439 2096 pracmium
455 2040 472 2079 a
487 2039 557 2096 rege
574 2028 761 2098 exspectans.
793 2021 858 2096 Qua
874 2041 928 2100 spe
944 2023 1103 2099 deceptus,
1120 2028 1222 2080 contra
1237 2022 1335 2099 ipsum

212 2139 313 2197 regem
336 2123 567 2182 coniurationem
589 2123 667 2181 fecit.
702 2123 764 2182 Rex
784 2125 901 2200 quidem
924 2132 1030 2201 captus
1051 2125 1105 2184 sed
1125 2125 1209 2183 brevi
1228 2130 1297 2200 post
1316 2141 1334 2181 a

214 2223 433 2284 Panormitanis
460 2225 602 2284 liberatus
630 2232 684 2284 cst.
723 2225 908 2297 Tancredus,
936 2226 1147 2286 coniurationis
1174 2226 1335 2303 particeps,

212 2325 346 2385 Athenas
362 2327 495 2402 confugit
510 2327 609 2402 ibique
626 2345 692 2386 curn
708 2334 801 2387 matre
817 2346 871 2405 per
887 2346 939 2387 sex
954 2347 1049 2388 annos
1065 2329 1146 2388 vixit.

276 2426 423 2486 Guilelmo
439 2427 469 2486 ΙΙ
485 2429 659 2503 cognomine
676 2429 751 2488 Boni
766 2436 925 2505 regnante,
942 2431 1094 2489 Tancredo
1111 2435 1143 2487 ut
1162 2429 1191 2485 in
1207 2427 1334 2502 patriam

211 2530 335 2601 rediret,
353 2547 527 2589 concessum
543 2537 573 2589 61
588 2550 614 2588 6.
637 2533 713 2590 1169
732 2531 804 2590 Licii
822 2533 989 2602 comitatus,
1007 2531 1156 2590 hereditas
1172 2528 1290 2599 11161116,
1308 2527 1334 2585 61

212 2631 402 2690 confirmatus
424 2638 479 2692 est.
514 2633 575 2691 Rex
596 2633 622 2692 ei
638 2651 763 2709 magnas
784 2652 833 2694 res
850 2635 1006 2694 commisit.
1042 2633 1077 2690 A.
1098 2632 1177 2689 1176
1194 2647 1333 2688 unacum

211 2733 339 2808 Rogerio
353 2734 482 2793 Andriae
498 2735 604 2794 comite
621 2735 839 2812 expeditionem
856 2738 926 2795 fecit
941 2739 1043 2794 contra
1055 2731 1256 2792 Christianum
1273 2729 1334 2788 Mo·

212 2837 366 2910 guntinum
382 2836 642 2914 archiepiscopum
662 2845 758 2896 terras
779 2839 907 2915 Apuliae
924 2827 1183 2906 devastantemffi).
1218 2831 1333 2892 Cuma.

215 2940 294 2998 1185
316 2955 454 3012 magnum
476 2939 586 2998 bellum
603 2945 706 2998 contra
721 2939 901 3016 Byzantinos
922 2955 972 2996 rex
994 2941 1127 3013 pararet,
1150 2935 1334 2993 Tancredum

212 3039 266 3098 toti
283 3039 372 3099 classi
395 3041 552 3116 pracfecit,
575 3043 715 3100 exercitui
738 3043 874 3100 comitem
895 3039 1056 3098 Alduinum
1077 3045 1107 3096 61
1126 3037 1261 3096 comitem
1285 3036 1334 3095 Ri-

212 3141 353 3200 chardum
370 3142 406 3200 de
423 3144 542 3202 Acerris
559 3145 743 3220 praeposuit.
774 3145 829 3202 Die
849 3148 881 3200 ll
902 3143 961 3200 iun.
980 3141 1107 3199 deducta
1122 3139 1234 3210 classe,
1252 3144 1334 3215 post-

211 3260 299 3319 quam
315 3244 362 3302 die
384 3245 461 3302 16616
478 3243 506 3303 S.
525 3245 592 3304 ioh.
609 3245 763 3322 Baptistae
780 3244 834 3318 (al
851 3242 926 3315 iun.)
943 3241 1174 3318 Dyrrhachium,
1191 3241 1238 3299 dic
1257 3241 1333 3299 16616

211 3345 241 3405 S.
258 3345 476 3405 Bartholomaci
493 3345 546 3419 (il
565 3346 648 3422 aug.)
665 3347 844 3406 Saloniciam
869 3363 934 3403 curn
956 3345 1058 3404 multis
1079 3343 1240 3402 Romaniae
1263 3341 1334 3400 civi·

211 3447 322 3507 tatibus
347 3447 537 3523 castellisque
561 3453 820 3524 expugnaverunt,
845 3464 962 3517 omncs,
990 3446 1101 3505 bellum
1127 3451 1187 3502 tam
1210 3443 1335 3502 feliciter

212 3555 349 3626 coeptum
367 3549 496 3624 gloriose
513 3569 563 3610 666
580 3551 766 3608 confecturos
783 3566 850 3608 esse
866 3555 1055 3625 putaverunt,
1069 3566 1169 3624 quum,
1185 3561 1259 3619 quae
1276 3544 1333 3601 161-

210 3651 305 3710 titudo
322 3657 495 3728 paraverat,
517 3652 643 3712 insidiae
659 3651 803 3710 aulcrunt.
840 3649 1020 3710 Graecorum
1037 3650 1111 3720 dux,
1127 3645 1244 3704 nominc
1261 3642 1333 3702 Gra-

211 3760 314 3823 natus,
336 3753 454 3812 obviam
477 3755 557 3812 uenit
577 3753 701 3812 ducibus
717 3752 954 3813 Normannorum
974 3769 1077 3829 pacem
1093 3764 1265 3824 proponens
1287 3764 1332 3805 se·

211 3857 423 3930 curitatemque
445 3857 630 3932 promittens.
668 3854 783 3929 Quibus
803 3857 846 3915 illi
868 3843 1065 3922 confidentes,
1091 3867 1156 3922 cum
1180 3867 1283 3925 pacem
1305 3853 1334 3906 61

278 4053 311 4116 37)
331 4065 433 4105 mortuus
450 4065 485 4105 661
502 4061 610 4118 Rogcrins
628 4062 674 4105 dun
690 4059 786 4118 Apuliae
805 4073 825 4103 a.
844 4059 866 4102 (1.
884 4059 898 4102 i.
917 4055 1037 4100 mcxcix.
1056 4056 1105 4100 lnd.
1124 4053 1172 4098 llll.
1191 4060 1225 4108 vir
1242 4060 1333 4119 quidem

211 4137 328 4194 speciosus
341 4141 363 4181 61
375 4137 440 4181 1111166
454 4140 571 4191 strenuus,
584 4139 648 4194 pius,
661 4136 785 4191 benignus,
799 4134 938 4186 (6166116616,
958 4135 980 4177 61
993 4148 1005 4178 6
1018 4147 1059 4179 suo
1072 4133 1156 4193 populo
1170 4136 1265 4181 multum
1278 4135 1332 4179 dile·

211 4217 268 4258 ctus.
287 4215 351 4259 Rom.
366 4213 453 4258 Salern.
469 4215 515 4256 193
531 4211 597 4268 (llnr.
612 4213 653 4257 SS.
667 4209 727 4266 Vll.)

278 4284 311 4346 38)
330 4293 404 4335 Anon.
419 4291 506 4334 Cassin.
520 4290 549 4334 ad
563 4290 635 4333 1176.
