3052 4934
559 274 864 338 ¹-14-

193 463 346 524 securitati
362 459 629 539 consuluerunt.⁸¹)
652 465 758 538 Plebs,
773 469 893 542 tempus
909 465 1028 526 venisse
1044 469 1168 543 putans,
1185 481 1243 541 quo
1258 465 1315 524 tol-

194 566 325 626 lerentur
340 565 544 626 institutiones
559 568 655 643 regis,
672 584 747 643 quae
764 567 861 626 minus
877 567 1044 644 placerent,
1066 583 1180 626 summo
1197 566 1265 627 odio
1282 583 1315 626 se

194 669 342 728 convertit
356 668 387 726 in
402 665 652 742 Muhamedanos,
669 670 777 746 quibus
792 670 851 728 iam
867 668 918 728 diu
933 669 1086 728 libertates
1102 674 1132 728 et
1147 668 1315 744 privilegia,

193 767 382 830 aGuilelmo
409 787 554 830 concessa
579 771 735 832 inviderat
770 769 881 830 Exorta
905 771 1045 830 Panormi
1070 771 1264 832 insectatione
1287 776 1317 830 et

193 873 279 932 brevi
294 878 429 950 tempore
446 890 500 949 per
515 877 608 933 totam
623 873 753 933 insulam
768 873 886 945 diffusa,
899 871 1050 945 Saraceni,
1063 890 1098 932 ex
1113 873 1236 932 urbibus
1251 871 1316 932 ubi·

194 992 251 1050 que
267 973 393 1052 expulsi,
409 973 439 1034 in
456 975 616 1047 montibus,
634 975 742 1051 quibus
758 973 860 1034 Sicilia
874 973 996 1034 interior
1012 979 1183 1052 occupatur,
1199 991 1316 1034 coacer-

194 1077 270 1148 vati,
291 1077 411 1137 crebros
426 1077 561 1136 fecerunt
575 1071 606 1136 in
623 1075 809 1138 Christianos
825 1077 970 1156 impetus,
990 1077 1208 1153 maximumque
1219 1071 1317 1138 omni·

193 1179 250 1239 bus
266 1179 428 1238 attulerunt
444 1173 664 1256 periculum.³²)

259 1279 356 1356 Quare
378 1286 540 1360 properata
560 1287 608 1342 est
623 1281 726 1342 concio
748 1281 1008 1359 principumque
1026 1299 1074 1342 res
1095 1281 1236 1360 publicae.
1249 1298 1317 1342 con-

196 1384 397 1444 stituerentur.
430 1383 511 1442 Inter
532 1401 651 1455 omnes,
666 1384 717 1460 qui
732 1401 856 1461 regnum
877 1383 1039 1460 petierant,
1061 1388 1123 1444 tres
1143 1383 1318 1444 auctoritate

195 1491 225 1546 et
240 1490 389 1564 potestate
405 1486 523 1546 inerunt
537 1485 726 1563 amplissimi.
758 1484 888 1560 Quorum
904 1485 980 1546 alter
995 1485 1050 1544 luit
1065 1485 1131 1564 ipse
1146 1503 1198 1546 rex
1213 1484 1317 1546 ilenri-

195 1605 263 1659 cus,
285 1588 404 1648 adiutus
425 1589 463 1648 ab
484 1588 712 1666 archiepiscopo
734 1587 955 1648 Panormitano.
990 1587 1075 1646 Alter
1096 1587 1152 1646 luit
1172 1587 1318 1664 Rogerius

195 1689 327 1750 Andriae
344 1707 458 1764 comes,
480 1690 707 1768 potentissimus
722 1690 814 1750 totius
829 1690 914 1766 regni
931 1689 1088 1766 princeps,
1110 1689 1193 1750 cuius
1208 1687 1317 1750 multae

264 1871 298 1936 31)
316 1877 449 1933 Roffredns,
463 1877 606 1924 Gessineusis
618 1877 700 1932 abbas,
714 1877 842 1922 futurorum
853 1877 989 1936 providens,
1008 1890 1058 1922 eum
1070 1875 1151 1921 vicinis
1164 1877 1283 1922 comitibus
1296 1878 1319 1922 et

194 1955 316 2000 baronibus
336 1953 517 2000 confoederatur.
544 1955 618 1999 Anon.
637 1953 725 1999 Cassia.
743 1975 776 1984 -
794 1951 878 1998 Omnes
894 1953 954 1998 inter
970 1967 994 1998 sc
1011 1955 1135 2012 coeperunt
1147 1953 1175 1998 de
1192 1953 1318 1998 maioritate

195 2032 333 2078 contendere
351 2032 419 2078 etad
436 2033 499 2089 regni
516 2031 599 2077 solium
615 2033 727 2090 aspirare,
744 2034 768 2076 et
785 2031 851 2095 obliti
866 2031 1026 2086 iurisiurandi,
1039 2029 1101 2089 quod
1111 2029 1223 2084 lecerunt,
1241 2039 1319 2074 eorum

196 2108 291 2168 quilibet
303 2107 468 2154 contrafacere
480 2107 609 2154 anhelabat.
634 2108 699 2154 Rich.
714 2108 737 2154 S.
752 2108 826 2154 Germ.
840 2130 873 2138 --
885 2106 943 2152 lbid.
957 2107 980 2152 in
993 2107 1103 2152 carmine:

451 2184 512 2230 lacet
524 2183 627 2241 Regnum
639 2183 774 2239 desolatum,

452 2259 590 2306 dissolutum
602 2263 624 2305 ct
636 2259 759 2315 turbatum,

452 2338 531 2395 sicque
543 2337 686 2384 venientibus

452 2414 540 2458 cunctis
552 2416 616 2472 patet
627 2413 740 2459 hostibus.

451 2488 493 2534 Est
505 2489 534 2534 ob
546 2489 590 2534 hoc
603 2489 727 2536 dolendum
740 2492 763 2534 et
779 2487 933 2548 plangendum
945 2487 1057 2534 omuibus.

196 2567 231 2613 De
242 2565 343 2612 Rollrido
354 2566 409 2611 dicit
418 2567 492 2611 huon.
504 2566 568 2612 Gaas.
579 2567 608 2612 ed
619 2567 696 2612 1180:
706 2566 733 2612 u.
744 2566 772 2612 de
782 2565 860 2611 lnsula
868 2565 919 2610 Vll.
928 2565 960 2610 id.
970 2563 1010 2610 iul.
1020 2565 1044 2608 iu
1054 2565 1208 2610 cassinensem
1217 2564 1322 2610 abbatem

197 2666 230 2673 -
240 2643 394 2700 receptnsest.
402 2642 436 2687 cf.
446 2642 498 2686 Meo
508 2655 560 2687 anu.
568 2642 606 2688 lll.
614 2643 653 2687 17.
661 2665 694 2674 -
701 2642 731 2697 Is,
738 2643 777 2701 qui
786 2646 866 2702 postea
875 2644 951 2688 tantas
960 2643 1037 2699 partes
1044 2641 1096 2698 egit,
1103 2641 1187 2699 optime
1193 2641 1322 2699 depingitur

197 2719 259 2776 apud
264 2717 375 2772 Tostium,
383 2719 453 2762 storia
458 2718 608 2766 dellabadina
615 2719 639 2764 di
647 2718 678 2764 M.
686 2719 788 2766 Cassino.
794 2719 823 2764 ll.
832 2720 879 2764 172
888 2736 893 2764 :
901 2715 931 2774 (ll
937 2716 1091 2775 TomiNapoli
1098 2717 1155 2762 842.
1162 2709 1208 2773 8⁰.)
1214 2716 1321 2762 ltoffredo

197 2809 236 2840 era
246 2793 308 2839 della
317 2794 418 2851 iamiglia
426 2794 461 2840 De
471 2794 549 2840 Lisola
559 2795 583 2840 di
591 2795 685 2852 Arpino,
695 2808 762 2842 uomo
772 2795 814 2842 che
823 2809 894 2842 avora
905 2787 997 2840 l'anirno
1006 2793 1030 2838 di
1038 2793 1227 2852 buonatempcra,
1232 2794 1250 2839 il
1255 2793 1322 2854 quale

197 2872 285 2916 vissuto
297 2870 336 2916 uel
348 2869 456 2926 chiostro,
470 2885 554 2929 sapeva
566 2884 621 2918 cose
631 2870 719 2918 iossero
731 2865 763 2929 gli
776 2873 868 2926 nomini,
881 2871 925 2918 ohe
936 2883 1006 2916 mano
1018 2869 1057 2914 nel
1068 2870 1164 2925 mondo,
1177 2885 1189 2916 e
1201 2882 1247 2916 nou·
1258 2871 1321 2927 mo

197 2961 252 2994 rava
266 2949 275 2992 i
287 2947 384 2995 meanis
401 2949 449 2992 star
464 2946 522 2992 bene
535 2947 597 2992 della
613 2947 704 3004 chiesa;
720 2961 758 2992 nna
773 2948 795 2994 le
812 2949 916 2996 alioaioui
934 2945 1075 2994 monasticus
1091 2959 1237 2994 avensaueno
1248 2939 1321 3006 quest'

198 3037 281 3078 amore,
293 3021 318 3069 in
331 3025 396 3082 gulsa
408 3023 449 3068 che
462 3024 554 3082 quando
566 3023 627 3068 nelle
639 3025 750 3070 condutta
761 3017 796 3070 de'
806 3023 916 3070 hadirlie
927 3023 1025 3070 Romani
1034 3021 1117 3080 magoni
1127 3025 1226 3070 trorosel
1238 3039 1252 3070 a
1263 3023 1322 3070 diffi-

198 3100 237 3146 cili
254 3101 329 3158 passi‚
348 3114 362 3144 a
378 3103 443 3158 petto
456 3093 508 3146 dell'
521 3100 675 3159 imperadore,
693 3101 762 3159 operb
778 3102 803 3146 in
815 3101 894 3156 modo,
908 3101 937 3146 da
948 3113 995 3146 non
1007 3100 1158 3157 amaremus
1169 3101 1251 3146 alcuna
1262 3099 1322 3146 defle

197 3178 259 3236 parti
274 3191 379 3231 arvorse,
397 3176 591 3236 aurantaggiando
604 3190 628 3222 se
640 3178 726 3223 stesso:
745 3175 884 3231 chlarendo,
900 3176 943 3222 ohe
959 3191 984 3222 se
1000 3176 1072 3224 Βοιηα
1087 3177 1119 3234 gb
1134 3191 1173 3223 era
1184 3170 1322 3231 nell'animo

198 3253 221 3300 la
232 3253 305 3300 Radia
316 3267 345 3300 ue
356 3255 439 3300 tenera
451 3252 474 3300 la
486 3253 552 3298 eima.

267 3321 301 3386 ³²)
319 3331 394 3376 huon.
412 3329 500 3376 Gaesin.
517 3331 609 3374 uarrata
624 3331 696 3374 morte
712 3329 830 3376 Guilelmi:
852 3329 958 3376 Panormi
973 3331 1046 3376 oritur
1064 3331 1124 3378 iuter
1140 3330 1283 3378 Christianos
1300 3330 1323 3376 et

199 3407 338 3454 Sarracenos
350 3406 472 3452 dissensio.
492 3405 618 3461 Sarranum,
630 3405 704 3452 multa
715 3419 807 3452 suorum
819 3408 893 3463 strage
905 3405 977 3461 heta,
991 3409 1076 3460 exeunt
1086 3409 1110 3452 et
1120 3406 1250 3454 inhabitent
1260 3417 1323 3450 naon·

199 3486 260 3528 tana.
274 3505 307 3514 -
319 3481 370 3528 Meo
383 3481 448 3528 addit
460 3481 615 3527 coniecturam
626 3483 683 3528 satis
693 3483 815 3528 incertam:
833 3483 856 3527 io
872 3483 940 3530 credo
952 3484 1050 3531 soture
1062 3477 1277 3530 dall'hreiveeooro.
1289 3501 1323 3514 -

199 3559 265 3606 Rich.
284 3559 307 3604 S.
321 3559 396 3604 Germ.
410 3557 473 3604 970:
492 3557 623 3606 Tanoredus
635 3555 748 3619 primum
759 3553 858 3620 quide-ru
870 3559 971 3618 quinque
988 3559 1152 3606 Saracenorum
1167 3559 1270 3616 regulos,
1284 3559 1325 3617 qui

200 3634 228 3680 oh
240 3637 325 3680 metum
338 3633 530 3689 Christianorum,
548 3634 578 3680 ad
589 3636 698 3680 montana
711 3634 871 3692 confugerant,
889 3635 918 3680 de
935 3637 1048 3684 montanis
1064 3637 1122 3695 ipsis
1138 3635 1275 3682 Panormunr
1289 3649 1324 3680 re·

200 3712 248 3756 dire
262 3712 336 3768 coegit
347 3711 440 3757 invitos.
459 3733 492 3742 —
509 3711 551 3756 His
564 3711 695 3758 auctoribus
707 3723 795 3758 summe
805 3711 851 3758 nce
864 3711 940 3769 dignis
951 3711 1100 3768 refelluntur,
1115 3725 1174 3771 qaue
1185 3711 1324 3758 namucus

199 3787 389 3846 Petroburgensia
401 3787 430 3832 Il.
445 3787 501 3833 624.
516 3785 561 3843 (ed.
580 3787 659 3833 Thom.
678 3787 774 3833 Heeme.
792 3787 892 3834 Oxoniae
911 3789 984 3834 1785.
1000 3788 1022 3834 ll
1039 3788 1111 3834 Tomi.
1124 3780 1171 3844 8⁰.)
1183 3787 1249 3843 dicit,
1265 3787 1324 3833 sedi·

199 3865 285 3909 tionem
299 3866 358 3924 post
373 3865 543 3910 coronationem
560 3865 672 3912 Teneredi
689 3879 741 3910 esse
756 3867 869 3920 exortam,
892 3865 946 3924 qaia
963 3865 1093 3922 „indignati
1107 3867 1162 3912 sunt
1178 3865 1262 3910 servire
1277 3864 1326 3922 regi

201 3939 283 3984 Tener.
296 3941 357 3995 tum,
370 3940 424 3999 qnia
435 3954 475 3984 rex
487 3939 634 3986 Alemanniae
646 3941 813 4000 calumpniatue
825 3943 861 3988 est
872 3952 967 3998 regnum
979 3940 1082 3995 Siciliam
1099 3941 1148 3984 tum
1160 3942 1214 4000 qnia
1228 3955 1268 3986 rex
1278 3942 1325 3986 hn-

201 4013 260 4072 gliae
272 4014 367 4060 infestat
378 4029 453 4073 regem
467 4016 616 4063 Tanoredunr.
634 4037 668 4048 -“
685 4017 727 4062 sed
738 4030 790 4062 cum
801 4017 931 4072 audissent,
949 4017 1012 4076 quod
1024 4030 1070 4075 pax
1081 4018 1104 4062 et
1115 4015 1192 4063 finalis
1204 4017 1326 4063 eoncordia

201 4093 263 4137 esset
278 4091 338 4136 inter
354 4105 429 4149 regem
444 4092 539 4150 Angliae
557 4095 580 4140 et
597 4093 751 4148 umerorum,
767 4093 887 4140 redierunt
901 4093 925 4138 in
942 4094 1074 4140 servitutem
1090 4093 1149 4150 repis
1162 4092 1285 4146 Teneredb
1303 4094 1326 4138 et

201 4168 261 4214 datis
279 4167 299 4212 ei
316 4167 433 4214 obsidibus
451 4170 536 4216 reversi
553 4171 607 4216 suut
619 4169 656 4216 c.“
682 4171 805 4216 Auctorem
821 4182 857 4216 res
874 4169 1005 4218 contudisse
1021 4169 1152 4216 testimonio
1169 4171 1213 4214 dn.
1226 4169 1291 4215 (lass.
1303 4170 1327 4212 et

201 4243 266 4290 Rich.
280 4244 303 4290 S.
317 4244 391 4290 Germ.
404 4249 475 4304 patet.
