3052 4934
650 258 837 322 ..g...

189 452 319 530 quamsi
340 452 484 512 scelernm
500 451 626 512 Melonis
645 451 753 512 luisset
767 449 919 524 conscius,
940 451 970 510 in
991 467 1138 510 carcerem
1157 449 1308 510 coniectus

188 560 243 614 est.
274 554 384 615 Postea
399 572 468 614 vero
484 571 543 613 non
558 554 646 613 modo
662 555 692 612 in
709 554 867 631 pristinum
882 571 989 612 munus
1004 553 1160 612 restitutus
1176 556 1236 622 ast,
1252 549 1308 611 sed

190 657 279 716 etiam
294 658 375 732 regis
392 657 525 718 consiliis
542 673 661 732 semper
676 655 809 714 interfuit
823 660 854 716 et
868 655 967 716 omnia
981 655 1065 730 regni
1081 653 1201 730 negotia
1215 670 1309 728 usque

188 759 226 817 ad
254 759 335 834 regis
358 763 483 818 mortem
513 758 685 818 moderatus
708 763 763 817 est.
795 755 943 816 Guilelmo
963 755 993 814 II
1017 755 1121 816 eodem
1143 754 1232 814 ruodo
1255 753 1311 813 luit

189 859 354 918 familiaris.
385 859 534 936 Denique,
555 864 588 918 ut
603 863 667 918 erat
682 859 727 918 vir
741 877 838 918 rerum
854 858 1015 918 aulicarum
1036 857 1251 936 peritissimus,
1271 855 1311 916 ad

190 960 359 1020 cancellarii
374 979 482 1020 munus
498 965 619 1021 erectus
635 955 736 1040 est¹³).
762 953 769 968 '

253 1061 337 1120 Alter
357 1061 412 1120 iuit
427 1062 654 1122 Panormitanus
675 1047 934 1140 archiepiscopus,
954 1059 1124 1122 Gualterins
1141 1060 1312 1138 Oliamiglia

190 1158 393 1242 (Ophamile),
410 1163 526 1239 Anglus
542 1165 676 1236 natione,
693 1163 742 1241 qui
757 1165 861 1224 humili
876 1165 942 1224 loco
964 1169 1051 1224 natus
1072 1163 1109 1223 ab
1126 1162 1255 1222 Henrico
1270 1163 1310 1235 ΙΙ,

190 1266 316 1341 Angliae
332 1284 412 1341 rege,
429 1267 459 1324 in
475 1265 606 1326 Siciliam
622 1267 733 1328 missus
749 1271 826 1339 erat,
841 1272 875 1326 ut
889 1264 1029 1326 Guilelmi
1040 1265 1070 1325 ΙΙ
1086 1265 1188 1342 pueri,
1205 1265 1311 1342 sponsi

190 1368 361 1439 lohannes,
383 1367 502 1427 Henrioi
518 1367 548 1426 Il
571 1368 664 1440 tiliae,
689 1373 770 1429 essct
792 1373 978 1446 praereptor.
1009 1368 1139 1427 Primum
1156 1368 1312 1444 Agrigenti

191 1469 336 1541 decanus,
352 1469 402 1528 ubi
419 1466 585 1530 Guilelmus
600 1469 630 1529 ΙΙ
645 1487 696 1530 rex
716 1471 812 1530 tactus
834 1475 894 1542 est,
917 1488 975 1530 non
992 1470 1080 1530 modo
1096 1469 1312 1542 auctoritatem,

191 1589 250 1647 qua
261 1575 349 1630 antea
365 1571 443 1648 apud
458 1571 637 1649 discipulum
650 1573 808 1649 plurimum
822 1573 965 1644 valuerat,
978 1571 1119 1644 servavit,
1133 1571 1185 1631 scd
1194 1572 1313 1631 favente

190 1691 261 1748 rege
273 1673 367 1743 ,totius
380 1673 464 1749 regni
483 1674 621 1750 capitalis
634 1675 879 1752 archiepiscopus
892 1675 986 1732 lactus
1000 1669 1101 1753 est¹⁴).
1130 1673 1202 1734 Cum
1215 1679 1313 1749 autem

191 1774 358 1834 Matthaeus
375 1774 569 1834 cancellarius
586 1793 604 1833 a
619 1776 701 1834 curia
715 1776 849 1836 Romana
864 1777 1065 1852 impetrasset,
1081 1781 1114 1835 nt
1128 1793 1146 1834 a
1161 1775 1312 1836 Panormi-

190 1882 262 1935 tana
285 1876 415 1935 dioecesi
438 1876 524 1936 Mons
546 1875 668 1952 Regalis
692 1877 897 1954 seiungerctnr
919 1882 949 1936 et
971 1877 1178 1955 episcopatus,
1206 1877 1314 1954 quiex

191 1979 272 2038 nullo
297 1978 454 2055 penderet,
479 1979 520 2038 ibi
537 1979 779 2048 constitueretur,
802 1977 971 2038 Gualterius
995 1979 1188 2039 acerbissimo
1212 1983 1315 2038 contra

193 2099 259 2140 eum
271 2081 339 2139 odio
352 2081 470 2139 exarsit.
488 2079 586 2154 Quare
597 2098 662 2140 curn
671 2081 1005 2153 Matrlraeus,Friderico
1015 2081 1187 2158 imperatori
1199 2081 1313 2151 favens,

194 2181 341 2241 Guilelmo
366 2182 397 2242 Π
418 2182 571 2254 suaderet,
594 2188 627 2241 ut
647 2183 833 2245 matrimonio
861 2183 1019 2242 Henricum
1046 2200 1112 2242 eum
1140 2183 1315 2243 Constantia

197 2285 348 2359 iungeret,
364 2285 609 2362 archiepiscopus
627 2301 727 2344 eorum
750 2286 926 2344 sententiam
950 2290 1070 2344 secutus
1085 2290 1144 2358 est,
1165 2285 1215 2361 qui
1236 2285 1314 2344 illius

193 2385 323 2460 coniugii
340 2385 503 2444 aduersarii
520 2391 611 2444 erant.
642 2386 690 2444 Ita
704 2387 747 2444 illi
765 2387 835 2458 riri,
857 2391 889 2445 ut
903 2386 967 2444 lieri
983 2387 1075 2459 solet,
1093 2386 1218 2464 privatis
1240 2387 1316 2445 inter

194 2503 246 2548 eos
268 2486 435 2546 discordiae
459 2487 576 2546 caussis
601 2487 689 2556 ortis,
720 2505 787 2547 mox
808 2488 931 2546 duarum
953 2489 1113 2548 tactionum
1135 2489 1226 2548 duces
1245 2489 1316 2546 iacti

194 2593 277 2660 sunt,
301 2606 424 2664 quarum
443 2589 655 2665 alteraomnes
674 2595 810 2648 externos
833 2609 851 2648 a
873 2589 956 2665 regni
980 2590 1192 2665 gubernatione
1215 2607 1316 2649 arcere

193 2695 223 2748 et
236 2690 395 2766 praecipue
408 2691 655 2750 Theutonicorum
668 2691 881 2764 auctoritatem,
894 2697 927 2750 ut
939 2697 1070 2751 veterum
1079 2692 1316 2752 Normannorum

262 2853 295 2916 13)
309 2861 428 2906 Romuald.
439 2860 526 2906 Salern.
539 2857 674 2914 209.'(Mur.
689 2861 841 2918 80101-
853 2863 912 2919 Hug.
922 2862 1030 2907 Falcand.
1042 2863 1098 2907 272.
1109 2863 1165 2908 080.
1177 2875 1226 2922 sqq.
1241 2861 1315 2919 (ibid).

261 2938 342 2982 Petrus
352 2938 380 2982 de
390 2937 476 2990 Ebulo,
489 2939 513 2982 in
523 2938 628 2990 carmine,
642 2938 704 2996 quod
713 2939 805 2997 scripsit
813 2939 841 2982 de
852 2939 949 2984 motibus
960 2937 1051 2992 Siculis,
1062 2938 1134 2984 multe
1143 2939 1227 2998 optime
1237 2940 1315 2994 tradit,

193 3015 277 3074 quippe
296 3015 335 3072 qui
352 3013 427 3058 omniu
443 3015 493 3072 ipse
510 3013 608 3068 viderat,
627 3025 694 3071 saepe
710 3027 764 3058 vero
776 3013 873 3060 ilenrico
887 3014 930 3069 Vl,
948 3015 985 3059 cui
1001 3015 1084 3060 obtulit
1101 3027 1171 3073 opus,
1187 3015 1315 3068 blandiens,

194 3092 307 3150 pervertit
316 3104 373 3148 quae
385 3090 446 3134 tactu
459 3091 523 3143 sunt,
537 3091 613 3134 omnia
624 3090 648 3134 in
660 3089 750 3134 laudem
762 3091 904 3148 imperatoris
917 3103 1063 3149 componens.
1086 3091 1160 3148 Quare
1173 3093 1225 3137 odio
1238 3095 1317 3138 contra

194 3166 333 3211 Matthaeum
350 3168 425 3210 motus
441 3165 543 3221 ingentia
559 3165 587 3210 de
606 3179 632 3210 eo
649 3165 718 3210 refert
733 3166 749 3210 Ι.
765 3167 820 3211 164.
841 3166 875 3212 Gi.
890 3167 945 3211 140.
960 3167 1016 3212 608.
1034 3189 1068 3198 -·-
1085 3167 1119 3212 Da
1136 3167 1204 3212 Petro
1223 3169 1316 3228 eiusque

195 3239 293 3287 carmine
310 3242 355 3286 alio
371 3241 422 3286 loco
440 3241 553 3299 copiosius
566 3241 678 3286 disserere
694 3243 718 3287 in
736 3243 810 3287 animo
823 3245 864 3288 est.
891 3243 1021 3288 Sententiae
1040 3243 1067 3287 de
1085 3257 1111 3288 eo
1124 3243 1198 3288 adhuc
1215 3245 1317 3304 prolatae

194 3317 261 3364 ualde
274 3319 411 3382 discrepant,
436 3317 524 3362 Primus
538 3317 573 3362 ed.
587 3331 677 3363 carmen
689 3331 710 3362 r.
724 3319 746 3362 d.
759 3318 832 3376 Engel
845 3317 915 3364 Basil.
928 3319 1001 3364 1746.
1014 3319 1049 3364 40·
1062 3341 1095 3350 -—
1107 3319 1190 3364 Postea
1201 3322 1317 3378 receptum

193 3397 217 3440 in
231 3394 340 3440 Raccolta
357 3393 380 3438 di
392 3394 453 3438 varie
471 3393 576 3438 croniche
594 3396 756 3453 nppartenente
773 3394 819 3440 ulla
836 3395 906 3440 storia
924 3395 961 3440 del
977 3407 1046 3452 regno
1064 3395 1316 3454 diNapoli1780.4⁰·

196 3471 251 3516 Tom
264 3470 302 3515 XI.
316 3471 436 3528 -Nuper
448 3470 522 3514 denuo
535 3470 571 3514 ed.
584 3471 607 3514 et
619 3471 696 3514 adnot.
709 3470 792 3515 illustr.
806 3484 850 3515 ar.
864 3471 885 3515 d.
899 3471 962 3516 Gius.
977 3470 1014 3515 dcl
1025 3469 1069 3525 Re,
1084 3471 1184 3517 Gronisti
1196 3485 1208 3516 e
1218 3472 1319 3517 scrittori

195 3549 295 3593 sincroni
311 3547 449 3606 Napolitani.
473 3546 531 3604 Nep.
550 3546 606 3592 845.
620 3548 654 3591 8⁰¹
666 3569 700 3578 --
718 3547 863 3606 Scripserunt
880 3547 908 3591 dc
923 3547 991 3592 Petro
1010 3547 1109 3592 editores
1127 3548 1151 3592 in
1166 3547 1254 3606 prasff,
1268 3547 1317 3593 Sal-

193 3626 260 3668 vetor
272 3623 300 3668 de
312 3623 395 3677 Renzi,
409 3623 520 3668 Collectio
535 3623 686 3668 Salernitana.
710 3623 791 3682 Napoli
809 3621 929 3668 ehlonncn
943 3623 999 3668 850.
1013 3624 1046 3668 80
1060 3623 1078 3667 1.
1092 3623 1140 3668 286
1154 3635 1203 3682 sqq.
1217 3623 1245 3668 ΙΙ.
1260 3624 1316 3670 780,

195 3713 245 3758 sqq.
264 3723 297 3732 -
315 3700 391 3754 Suria,
409 3699 517 3744 Memoria
539 3699 737 3744 sterion-critiche
761 3698 822 3756 degli
840 3699 918 3744 storioi
938 3698 1077 3757 Napnlitani.
1092 3698 1151 3756 Nep.
1166 3697 1238 3743 1781.
1251 3699 1286 3744 4⁰·
1299 3698 1316 3744 l.

196 3775 252 3820 216.
266 3797 299 3806 -
316 3775 438 3828 Di-Blasi,
453 3775 529 3820 Storiu
544 3773 582 3820 del
594 3788 663 3832 regno
681 3775 709 3820 di¹
721 3775 811 3834 Napoli.
830 3775 934 3820 Palermo
952 3775 1009 3819 846.
1030 3776 1065 3819 8⁰·
1077 3773 1106 3818 ΙΙ.
1120 3774 1189 3818 2le-
1207 3797 1240 3808 —-
1253 3775 1316 3828 Men,

195 3851 272 3896 annali
284 3851 308 3896 di
319 3849 402 3910 Napoli
417 3851 455 3896 XI.
468 3853 524 3896 112.

264 3921 298 3984 14)
317 3926 435 3972 Romuald.
455 3927 542 3973 Salem.
561 3929 617 3973 209.
635 3951 668 3958 -
689 3927 753 3974 Rich.
773 3929 796 3973 S.
819 3929 893 3974 Germ.
913 3927 970 3972 900.
989 3923 1057 3982 (Mur.
1077 3925 1119 3972 SS.
1137 3925 1197 3982 Vll.)
1211 3949 1244 3958 —-
1261 3927 1318 3972 Pirri

198 4003 244 4048 Sic.
258 4003 321 4048 Sacr.
335 4003 352 4047 l.
367 4005 422 4049 103.
437 4005 493 4048 690.
507 4025 540 4034 -·
556 4001 657 4058 ,Walter
669 4017 714 4049 was
725 4003 838 4062 probably
854 4004 893 4048 the
906 4017 948 4048 son
961 3999 986 4047 oi
996 4016 1009 4047 a
1020 4001 1106 4054 millet.
1125 4015 1150 4047 ns
1165 4002 1201 4047 his
1214 4015 1318 4048 sumame

196 4079 293 4138 implies.
321 4078 452 4134 ,Olamilio,
469 4093 532 4125 come
545 4079 666 4124 diressimo
679 4078 731 4124 noi⁸
747 4089 800 4137 says
813 4080 898 4124 Garuso
914 4075 1071 4132 (Bibliotheca
1082 4077 1198 4124 historica.
1219 4079 1240 4124 ΙΙ
1252 4079 1315 4124 Toni.

195 4155 299 4200 Panorm.
320 4154 406 4211 1723);
426 4156 462 4200 del
480 4156 564 4202 molino
586 4155 686 4211 ,Walter
703 4155 727 4202 oi
748 4156 786 4202 the
806 4153 877 4202 mill“.
896 4153 991 4214 Knight,
1010 4153 1050 4200 tho
1065 4155 1177 4202 Normens
1192 4156 1217 4204 in
1237 4154 1317 4219 Sicily.

195 4231 292 4281 London
304 4232 360 4279 888.
374 4234 401 4277 8⁰
414 4246 437 4296 p.
451 4233 490 4283 78.
