3048 4944
647 243 907 360 -1v-¹

193 484 252 562 ipsi
274 485 500 563 promisissent,
524 486 642 564 decepti
669 507 687 546 a
713 485 836 548 Graecis
863 492 893 546 et
918 489 998 565 capti
1025 488 1314 568 Constantinopolim

193 585 274 646 ducti
289 593 368 649 sunt.
399 588 476 647 Num
492 589 677 662 Tancredus,
694 589 744 666 qui
760 590 850 650 classi
867 591 1012 668 praefuit,
1030 593 1140 669 etipse
1155 599 1261 670 captus
1277 591 1316 652 sit

192 707 230 748 an
253 690 348 750 solum
370 690 517 749 exercitus
532 691 637 762 duces,
661 709 720 752 non
737 693 812 751 satis
828 693 930 769 liquet.
954 693 1041 752 Isaac
1058 712 1127 754 vero
1143 695 1315 772 imperator,

193 789 333 851 Guilelmi
354 792 435 867 regis
455 791 529 851 iram
552 810 610 852 non
631 793 696 853 sine
712 812 820 854 caussa
835 800 984 866 metuens,
1007 801 1037 855 et
1056 797 1143 856 fidem
1160 803 1190 856 et
1210 815 1315 874 pacem

192 900 312 972 ruptam
329 910 396 952 esse
409 894 523 968 dolens,
537 913 588 954 eos
602 878 734 956 vinculis
744 896 850 956 solutis
862 897 1040 958 Panormum
1055 899 1156 958 reduci
1172 894 1314 974 iussit39).

194 995 337 1055 Fortasse
353 993 518 1056 Guilelmus
533 997 563 1056 ΙΙ
584 997 768 1058 Tancredum
785 999 821 1058 de
841 999 971 1059 infausto
992 1001 1063 1060 belli
1084 1001 1161 1060 exitu
1177 1019 1315 1062 accusas-

194 1103 250 1170 set,
267 1098 334 1172 nisi,
350 1116 384 1158 eo
400 1100 534 1172 absente,
551 1099 756 1160 Constantiam
772 1101 979 1178 Henriconegi
996 1102 1221 1180 spopondisset.
1256 1105 1315 1163 Pu-

193 1205 261 1260 tans
277 1201 353 1260 enim
368 1220 435 1274 rex,
457 1201 656 1273 Tancredum,
674 1203 724 1279 qui
745 1203 875 1264 fortasse
895 1223 928 1264 se
945 1223 1152 1265 successurum
1168 1223 1236 1266 esse
1251 1207 1315 1282 regi

193 1303 223 1360 in
238 1299 607 1382 imperiumsperavisset',
622 1311 682 1364 tarn
699 1305 818 1366 affinem
833 1307 934 1382 regiae
949 1307 1088 1380 familiae,
1105 1307 1315 1385 impediturum

193 1422 260 1464 esse
280 1405 336 1464 has
352 1406 486 1484 nuptias,
504 1407 613 1483 quibus
629 1427 744 1468 omnem
766 1427 851 1487 spem
873 1409 959 1486 regni
974 1409 1133 1486 aliquando
1150 1410 1316 1487 occupandi

192 1507 350 1581 amitteret,
366 1508 403 1567 de
418 1508 496 1568 bello
512 1509 669 1569 infeliciter
685 1516 771 1586 gesto
787 1512 990 1588 quaestionem
1006 1529 1064 1571 non
1077 1512 1155 1585 iecit,
1171 1512 1241 1588 quia
1255 1512 1316 1585 ille,

193 1627 259 1686 cum
285 1609 478 1686 sponsionem
505 1611 714 1687 cognovisset,
741 1630 805 1672 eam
830 1613 911 1672 nullo
935 1615 1022 1673 modo
1046 1615 1187 1673 turbavit.
1221 1614 1316 1674 Immo

193 1712 364 1772 'lancredus
386 1718 493 1789 postea
508 1713 537 1772 in
555 1715 636 1772 curia
651 1713 756 1774 Troiae
773 1715 923 1775 celebrata
939 1715 1066 1776 Henrico
1083 1715 1123 1774 VI
1139 1717 1236 1776 tuturo
1252 1715 1316 1792 regi

192 1814 282 1874 fidem
298 1819 328 1873 et
342 1814 539 1890 obedientiam
555 1813 720 1890 iuravit⁴⁰).

258 1913 405 1977 Guilelmo
421 1917 450 1977 II
466 1924 593 1992 mortuo,
610 1919 790 1992 Tancredus,
803 1923 864 1979 ium
878 1920 1075 1997 quadraginta
1086 1921 1146 1980 iere
1158 1938 1252 1980 annos
1266 1939 1316 1979 na·

192 2025 251 2093 tus,
263 2020 293 2080 in
305 2019 387 2080 Licio
395 2021 579 2095 versabatur,
586 2039 673 2098 quern
686 2023 857 2082 comitatum
870 2023 982 2100 optime
995 2017 1237 2098 gubernabatfl).
1255 2023 1316 2082 Au-

192 2122 708 2184 ctoresiliiusaetatislaudibuseum
716 2125 850 2198 efferunt,
863 2124 1316 2202 praedicantindoles,magnum

193 2225 257 2284 eius
269 2210 409 2296 animum,
423 2225 621 2302 prudentiam,
634 2226 775 2303 pietatem
792 2243 863 2302 erga
875 2227 972 2285 deum.
995 2225 1159 2285 Exercebat
1173 2227 1316 2301 musicen,

192 2326 414 2398 astronomiam,
429 2327 667 2388 mathematicae.
701 2327 849 2388 Institutis
864 2334 895 2388 et
910 2328 1131 2401 donationibus,
1146 2346 1222 2405 quae
1237 2329 1315 2402 iecit,

193 2446 296 2488 ornnes
306 2428 429 2489 clericos
438 2429 569 2489 reddidit
577 2430 697 2490 amicos.
715 2429 857 2509 Corporis
866 2431 953 2490 bonis
961 2431 1060 2490 minus
1069 2431 1219 2507 praestitit
1229 2449 1316 2507 quam

193 2531 313 2608 ingenio
330 2537 359 2591 et
374 2525 577 2605 industria⁴²).
594 2531 759 2592 Matthaeus
773 2531 967 2593 cancellarius
983 2537 1054 2592 vota
1069 2533 1183 2611 populi,
1199 2533 1250 2609 qui
1264 2533 1316 2592 ha-

261 2663 294 2728 39)
313 2669 380 2726 Quod
391 2671 451 2716 inter
461 2670 521 2715 illud
533 2669 619 2715 bellum
631 2671 775 2717 Andronicus
792 2671 846 2730 imp.
864 2683 876 2715 e
893 2670 968 2715 medio
981 2669 1085 2716 sublatus
1103 2673 1125 2715 ct
1139 2670 1203 2715 Isaac
1215 2669 1316 2727 Angelus

192 2747 286 2805 imperio
297 2748 385 2806 potitus
398 2749 444 2802 est,
458 2749 519 2792 certe
531 2747 555 2792 in
567 2745 622 2792 belli
634 2748 732 2793 decursu
744 2747 866 2806 plurimum
878 2747 958 2792 valuit.

259 2815 293 2878 4⁰)
312 2824 386 2868 Auen.
404 2824 492 2868 Gassin.
510 2823 540 2869 ad
558 2823 631 2868 1190.
650 2845 683 2854 —
701 2824 761 2869 Petr.
778 2823 846 2869 Ebul.
864 2824 881 2869 I.
901 2824 949 2869 156
967 2837 1018 2883 sqq.
1036 2847 1069 2858 ν·
1085 2826 1145 2870 Ann.
1164 2826 1244 2884 Aquic.
1258 2825 1315 2880 425,

193 2897 233 2956 (Μ.
246 2901 273 2948 d.
285 2898 357 2956 VIll.)

259 2970 294 3035 ⁴¹)
310 2975 347 3024 De
358 2980 419 3023 terra
431 2978 520 3023 comitis
534 2977 656 3032 Tancredi,
670 2977 712 3022 filii
724 2977 784 3022 dom.
798 2977 862 3023 ducis
875 2977 977 3036 Rogerii,
991 2991 1050 3036 quae
1062 2978 1106 3024 fnit
1118 2979 1207 3023 comitis
1220 2977 1317 3024 Goilridi

191 3055 276 3102 Montis
290 3055 397 3100 Gaveosi:
415 3077 449 3086 -·
465 3056 524 3100 sient
541 3054 599 3098 dixit
610 3055 670 3098 idem
683 3068 703 3099 c.
717 3053 800 3108 Gella,
818 3055 946 3100 demanium
963 3067 1028 3099 suum
1046 3055 1074 3099 de
1086 3055 1149 3098 Licio
1161 3067 1211 3099 esse
1223 3053 1316 3099 ieudum

191 3131 324 3177 Xmilitum
340 3133 364 3176 et
379 3131 408 3176 de
426 3131 545 3176 Garmiuea
561 3130 622 3175 fcud.
641 3130 672 3174 III
689 3130 787 3176 militum
804 3133 827 3175 et
843 3131 872 3176 de
885 3131 972 3176 Ostuno
984 3130 1027 3175 vll
1044 3131 1149 3176 militum.
1174 3130 1266 3175 Summa
1278 3131 1316 3175 dc-

191 3209 260 3252 mauii
272 3231 306 3239 -
322 3207 446 3254 Taucredi:
464 3207 533 3253 ienda
545 3207 640 3252 rnilitum
653 3207 693 3252 xx
707 3204 799 3262 (tenent
815 3207 844 3252 de
861 3219 887 3252 eu
898 3209 923 3252 in
935 3207 997 3252 Licio
1010 3205 1096 3262 XVlll,
1113 3207 1137 3250 in
1150 3205 1237 3251 Ostuno
1250 3204 1280 3262 Il)
1294 3210 1317 3252 et

192 3297 242 3328 cum
255 3287 375 3340 augmento
387 3285 470 3329 milites
483 3285 529 3329 XL.
542 3307 576 3314 -
588 3283 660 3329 Ontal.
674 3284 789 3328 Beronum
801 3297 837 3342 ap.
850 3282 894 3328 Del
906 3283 939 3328 Re
953 3283 1009 3329 575.

260 3350 294 3415 ⁴²)
313 3358 379 3416 Hugo
390 3359 500 3406 Falcand.
514 3361 570 3405 285.
583 3360 613 3405 ci.
627 3360 684 3405 295.
702 3383 736 3392 -
752 3357 846 3417 Inveges
863 3359 939 3405 annali
956 3360 980 3404 di
992 3359 1095 3405 Palormo
1114 3357 1197 3416 (1651.
1210 3357 1261 3415 iol.)
1275 3359 1315 3404 ΙΙΙ.

191 3437 253 3492 478,
267 3447 365 3494 sequens
378 3434 506 3480 Cornelium
519 3435 668 3494 Visignenum
680 3436 716 3481 his
728 3436 803 3482 verbis
821 3449 871 3480 eum
884 3436 997 3494 depingit:
1022 3437 1056 3482 Fu
1069 3436 1183 3482 Tuncredi
1194 3435 1316 3481 valerosis-

191 3513 249 3558 simo
261 3511 372 3558 cavallera
386 3511 410 3556 in
422 3513 475 3568 ogni
487 3513 583 3566 attieno,
602 3513 626 3558 di
637 3512 709 3558 tuccia
720 3513 846 3558 rubiconda
858 3525 870 3557 e
882 3513 998 3567 modesta,
1017 3513 1040 3558 dl
1053 3515 1141 3558 statura
1153 3513 1211 3567 alto,
1230 3511 1317 3557 haveva

191 3589 222 3648 gli
234 3588 299 3634 ocelli
312 3588 404 3646 grandi,
417 3587 434 3633 il
446 3601 503 3632 naso
512 3587 621 3646 alquanto
632 3589 740 3644 rileveto,
753 3588 778 3633 iu
790 3589 814 3634 dl
825 3589 886 3634 bona
897 3589 1064 3647 complessione
1076 3603 1088 3634 e
1102 3590 1125 3634 di
1137 3591 1219 3634 natura
1231 3602 1316 3634 amore-

191 3666 250 3720 vole,
263 3665 301 3711 nel
311 3665 396 3711 vestire
408 3664 520 3719 modesto,
534 3666 606 3710 attese
618 3663 663 3710 alle
676 3665 765 3710 scieura
778 3665 801 3710 di
812 3665 907 3719 musica,
921 3665 944 3710 di
956 3664 1116 3710 matematiche
1125 3677 1138 3709 e
1147 3665 1172 3709 dl
1180 3665 1238 3709 altre
1247 3662 1316 3709 virtu.

260 3741 331 3798 Quam
343 3741 422 3788 odiosa
435 3743 514 3786 contra
527 3741 550 3786 et
560 3741 655 3799 indigna
669 3743 733 3795 sunt,
747 3755 804 3800 quae
817 3741 899 3786 Petrus
912 3740 940 3784 de
952 3739 1033 3795 libulo,
1046 3739 1145 3785 Henrico
1157 3739 1189 3784 Vl
1203 3740 1317 3784 serviliter

191 3807 323 3872 blandiens,
337 3817 365 3863 de
378 3817 497 3864 'tancredo
509 3817 622 3877 loquitur:

395 3895 413 3941 0
426 3909 485 3941 nova
496 3909 581 3955 pompa
592 3895 651 3950 doli,
665 3893 752 3954 species
764 3905 823 3939 nova
835 3893 921 3939 bandis
933 3893 1031 3952 iniquae,

462 3971 514 4018 Non
526 3973 617 4018 dubitas
629 3972 694 4017 Nano
706 3971 795 4037 tradere
806 3983 876 4028 regna
887 3973 935 4025 tuo,

395 4047 454 4092 Ecce
466 4051 532 4094 vetus
544 4051 671 4094 monstrum
683 4050 777 4093 naturae
789 4048 881 4092 crimine
894 4047 1005 4102 abortum,

464 4124 523 4170 Ecce
535 4129 658 4171 coronatur
670 4125 742 4180 simia,
755 4125 828 4184 turpis
840 4124 916 4169 homo.
931 4121 956 4180 (l)

395 4199 445 4244 Huc
458 4201 513 4245 ades
525 4201 617 4256 Alecto,
630 4202 703 4248 tristis
715 4200 841 4260 proclamet
852 4199 974 4258 Herynnis,

463 4275 598 4321 Exclamant
610 4277 698 4336 Satyri,
713 4278 804 4322 semivir
816 4289 868 4321 acce
879 4277 950 4320 venit.
964 4273 991 4332 (t)

1094 4353 1110 4404 2
