3048 4944
644 335 855 402 ...35-

253 524 395 603 Sequenti
414 525 463 586 die
483 525 644 586 Tusculum
663 525 806 586 Romanis
825 525 966 586 traditum
987 529 1044 588 est.
1078 524 1157 586 Urbs
1178 524 1310 584 funditus

190 627 301 697 diruta,
317 627 387 703 igne
402 631 536 699 vastata,
552 628 631 688 bona
646 626 773 704 direpta,
789 627 870 686 cives
885 627 1025 696 trucidati
1039 631 1091 686 aut
1106 625 1311 686 crudelissime

189 729 318 788 mutilati
334 733 412 790 sunt.
451 726 561 788 Omnes
581 728 663 790 illius
678 727 786 788 aetatis
801 732 939 792 auctores
954 728 1140 788 detestantur
1155 727 1311 788 saevitiam

189 830 387 890 Romanorum
393 825 444 908 84).
462 827 603 905 Sigonius
615 847 687 888 vera
697 828 750 888 illa
760 829 858 888 addit:
874 846 993 905 „neque
1008 846 1062 906 per
1076 829 1151 888 haec
1165 833 1312 905 tempora,

189 949 265 1008 quae
286 949 386 991 secum
407 931 540 1007 ingentia
558 930 729 990 Italicarum
753 930 869 990 excidia
889 930 1006 990 urbium
1029 930 1205 1002 attulerunt,
1228 930 1311 989 urbis

190 1032 290 1092 clades
305 1037 357 1092 aut
371 1035 514 1094 tectorum
530 1031 747 1092 disturbatione
762 1031 904 1103 atrocior,
926 1037 977 1092 aut
997 1032 1106 1092 acerbo
1126 1031 1311 1091 inimicorum

189 1235 331 1296 Romanis
346 1253 445 1314 papae
460 1234 578 1296 reddita
592 1240 640 1294 est
647 1229 696 1311 85).

252 1335 327 1397 Post
340 1337 508 1413 quindecim
524 1335 599 1408 dies,
615 1353 689 1412 quos
703 1324 816 1396 ¹Romae
832 1335 904 1412 egit,
916 1335 1079 1414 imperator
1095 1340 1195 1396 castra
1208 1335 1311 1407 movit,

189 1437 300 1498 trustra
321 1457 403 1516 papa
422 1438 598 1500 adhortante
621 1442 652 1498 et
674 1441 829 1514 precante,
855 1455 891 1496 ne
914 1437 1201 1498 Tancredo·bellum
1223 1437 1312 1496 infer-

188 1534 290 1612 ret⁸⁶).
313 1539 368 1600 Die
381 1541 431 1600 29.
441 1539 528 1616 april.
539 1537 667 1616 Geprani
683 1537 845 1614 imperator
857 1536 958 1610 Lirim,
968 1538 1095 1615 Apuliae
1111 1538 1199 1598 finem
1215 1542 1312 1599 trans-

189 1635 284 1718 iit⁸³),
308 1657 374 1700 cum
395 1640 524 1702 exercitu
550 1638 625 1699 eatis
640 1656 750 1714 magno
766 1647 796 1700 et
815 1639 930 1712 valido,
946 1656 1124 1716 quamquam
1140 1639 1283 1698 Friderici
1298 1639 1313 1696 I

189 1741 339 1818 expeditio
354 1741 465 1802 multos
481 1747 511 1802 et
525 1741 621 1801 bonos
636 1741 747 1802 milites
762 1741 800 1802 ab
815 1741 942 1818 imperio
957 1736 1177 1819 abduxerae⁸⁸).

188 1939 235 1986 nali
247 1939 272 1986 di
283 1939 334 1986 Meo
346 1955 358 1986 e
369 1930 452 1986 Mutat.
471 1937 589 1994 Quomodo
601 1937 718 1982 coronatIo
730 1939 823 1995 peracte
835 1936 873 1990 sit,
887 1934 984 1980 Gencius
996 1935 1129 1990 cardinalis,
1145 1935 1269 1981 Goelestini
1280 1935 1313 1980 III

188 2017 331 2074 camerarius,
344 2017 414 2062 latius
423 2018 446 2060 et
454 2014 565 2074 prolixius
575 2013 704 2071 descripsit.
724 2013 794 2058 Guius
805 2011 939 2057 relationem
951 2011 1026 2056 denuo
1038 2011 1075 2056 ed.
1088 2011 1155 2056 Perta
1165 2011 1226 2056 Mon.
1237 2011 1312 2056 Germ.
1354 2045 1357 2050 .

188 2091 227 2136 1v.
242 2093 303 2147 187,
324 2105 392 2150 quam
404 2092 434 2137 ad
446 2089 616 2136 coronationem
627 2088 721 2135 Hearici
732 2089 765 2134 VI
781 2087 923 2133 referendam
935 2101 985 2133 esse
1002 2087 1070 2133 certis
1083 2087 1221 2145 argumentis
1232 2087 1313 2145 proba-

187 2170 237 2214 rum
248 2171 284 2213 est
295 2168 388 2214 ibidem.
401 2189 434 2200 -·
446 2166 549 2225 Ineptam
560 2164 624 2210 illam
634 2165 748 2222 fabulam,
765 2164 920 2210 Coelestinum
932 2166 986 2222 post
998 2164 1167 2210 coronationem
1179 2163 1237 2222 pede
1250 2176 1313 2208 coro-

188 2257 240 2290 nam
253 2244 281 2288 de
294 2245 368 2304 capite
380 2242 523 2302 imperatoris
536 2241 657 2298 deiecisse,
677 2255 749 2302 eoque
766 2255 790 2286 se
806 2239 939 2299 Imperatori
950 2240 1090 2298 superiorem
1102 2252 1152 2284 esse
1165 2238 1312 2298 significasse,

188 2319 269 2376 Roger.
282 2319 369 2365 Hoved.
382 2319 485 2380 protulit.
509 2317 580 2373 Quam
594 2318 706 2363 Baronius
718 2317 816 2376 recepit,
835 2318 857 2360 et
868 2314 1027 2370 Lehmannus,
1047 2313 1198 2374 Speyerische
1212 2313 1314 2360 Chronilr

188 2395 256 2440 Frkft
276 2395 341 2441 1698
360 2393 411 2451 Iol.)
431 2391 513 2440 diffuse
530 2393 621 2452 lateque
639 2394 747 2438 numavit.
770 2395 846 2452 Atque
858 2391 944 2438 nostrIs
960 2390 1101 2449 temporibus
1119 2405 1141 2436 v.
1160 2390 1189 2435 cI.
1206 2390 1314 2436 IIicbsnd

191 2485 241 2516 eam
256 2484 333 2518 reram
344 2471 436 2518 habult!
453 2469 522 2526 (Ilist.
540 2469 581 2516 des
593 2469 708 2516 croisades
721 2468 760 2534 IV.
773 2469 830 2514 478.
847 2467 911 2514 Parte
924 2463 991 2524 827.)
1007 2489 1041 2498 -·
1057 2466 1104 2512 Iam
1120 2481 1134 2512 a
1150 2466 1273 2512 Muratoriu
1289 2467 1315 2512 iu

191 2547 267 2594 annal.
280 2547 348 2606 plane
360 2547 459 2594 refutate
471 2549 513 2592 est.
533 2545 567 2592 Gt.
581 2545 658 2600 (lehn,
676 2545 767 2590 dissert.
781 2545 809 2590 de
822 2545 890 2590 rebus
902 2546 945 2588 etc.
960 2541 999 2588 52.
1017 2542 1092 2588 Docta
1107 2543 1176 2588 etiem
1190 2543 1219 2586 de
1231 2557 1255 2587 re
1266 2545 1314 2588 tarn

190 2623 254 2668 inani
266 2624 352 2682 scripta
364 2626 399 2668 est
410 2623 541 2668 dissertatio
554 2635 568 2666 a
581 2619 730 2674 Schrbclrhim
742 2619 802 2679 prol.
812 2619 955 2665 Altorlicns.:
967 2619 1103 2677 Disquisitio
1116 2619 1144 2664 de
1155 2619 1248 2664 Heurici
1258 2619 1313 2677 imp.

191 2698 293 2744 Romana
304 2704 376 2758 eaque
388 2699 539 2756 ignominiosa
551 2698 705 2742 coronatione.
724 2695 806 2741 Aitorfi
820 2696 893 2740 1737.
906 2689 942 2740 4⁰.
961 2717 994 2726 -
1011 2694 1103 2739 Auxilio
1116 2694 1218 2750 Heanci,
1230 2695 1314 2740 Leonis

191 2773 241 2828 dlii,
255 2775 317 2833 apud
327 2787 410 2833 papanr
421 2773 601 2827 intervenientis,
614 2774 774 2832 imperatorem
782 2772 904 2818 Henricnrn
917 2773 1049 2816 coronatum
1061 2785 1120 2825 esse,
1132 2772 1195 2830 quod
1204 2771 1321 2830 Gerhard.

188 2849 296 2896 Stederb.
315 2853 339 2896 et
354 2850 385 2896 al.
398 2849 536 2905 retulerunt,
554 2849 622 2894 docta
633 2851 657 2894 et
668 2849 735 2894 acuta
747 2847 829 2892 Cohnii
840 2848 974 2908 quaestione
987 2845 1024 2904 (de
1037 2846 1104 2892 rebus
1116 2850 1160 2892 etc.
1172 2862 1195 2908 p.
1209 2849 1249 2893 51.
1263 2846 1276 2904 ξ
1289 2846 1313 2904 6)

189 2925 283 2983 penitus
295 2925 441 2983 redargutum
455 2927 498 2970 est.
548 2981 553 2992 .

256 2993 290 3058 84)
310 3001 419 3048 sicardus
432 3002 489 3047 615.
502 3023 536 3031 —
547 2999 601 3045 (ilar.
614 2999 721 3058 llreperg.
734 2999 799 3044 adh.
813 3013 833 3044 a.
847 3023 880 3031 -
896 2997 950 3045 Otto
963 2998 987 3044 S.
999 2998 1062 3044 Blas.
1075 2999 1177 3044 XXXIII.

257 3070 292 3134 85)
311 3077 412 3124 Tabulae
429 3077 457 3122 de
468 3076 613 3124 restibutione
629 3078 703 3122 terrae
714 3077 739 3120 iu
752 3079 890 3135 potestatem
902 3089 975 3135 papae
987 3079 1079 3122 exstem
1090 3077 1152 3136 apud
1164 3075 1246 3122 Mutat.
1259 3078 1313 3124 Aut.

190 3153 242 3198 Ital.
255 3153 295 3198 III.
309 3154 357 3200 787
363 3171 369 3209 ;
383 3150 457 3209 (,dat.
470 3152 552 3199 XLVII
564 3165 624 3198 anno
637 3150 756 3208 seuatus“)
769 3153 895 3212 incipiunt:
908 3152 956 3197 Nos
969 3152 1090 3197 Senatores
1103 3151 1175 3196 almae
1188 3151 1262 3207 urbIs,
1275 3153 1314 3197 de-

190 3229 252 3272 creto
269 3229 402 3287 amplissimi
415 3230 500 3275 ordinis
518 3228 628 3282 Senatus,
642 3227 809 3272 acclamatione
825 3241 915 3288 quoque
933 3227 1014 3286 populi
1026 3227 1133 3282 Rumam,
1150 3227 1241 3286 publice
1253 3229 1314 3286 oapi-

190 3301 246 3347 tolio
259 3304 424 3360 consIstentes,
437 3304 597 3350 constituimus
610 3325 651 3348 -.

258 3371 291 3436 86)
309 3393 369 3438 papa
381 3380 558 3426 contradicente.
571 3381 615 3425 An.
629 3379 692 3425 Cass.
710 3403 743 3411 -
760 3394 820 3440 papa
831 3379 966 3440 prohibente
979 3384 1003 3428 et
1015 3381 1194 3428 contradicente.
1208 3379 1274 3428 Itich.
1288 3380 1312 3428 S.

190 3455 265 3500 Germ.
278 3477 312 3486 —
324 3454 353 3500 ci.
365 3455 447 3501 Petrus
459 3455 526 3501 Ebul.
539 3455 556 3500 I.
570 3456 610 3500 24.
623 3458 646 3500 et
659 3455 710 3500 Meo
722 3469 774 3500 ann.

259 3523 293 3588 87)
312 3530 397 3578 Ghron.
410 3531 476 3578 Foss.
489 3545 541 3576 nor.
556 3531 613 3576 877.

259 3599 292 3664 8⁸)
311 3607 427 3666 Quosdam
444 3620 533 3660 eorum,
555 3607 594 3664 qni
609 3607 768 3666 imperatorem
783 3608 855 3652 secuti
872 3612 937 3664 sunt,
958 3611 1056 3657 maxima
1072 3625 1100 3656 es
1117 3614 1181 3670 parte
1198 3625 1227 3656 ex
1247 3610 1313 3670 dipll.

191 3683 273 3740 quibus
285 3685 357 3730 testes
369 3682 492 3741 subscripti
503 3685 568 3738 sunt,
585 3682 623 3728 hic
635 3683 761 3730 afferImua:
779 3685 917 3730 Godcfridus
933 3686 1063 3744 patriarcha
1076 3687 1176 3746 Aquilai.
1193 3710 1227 3718 -
1243 3687 1313 3744 Lepi:

190 3757 311 3816 Philippus
329 3759 485 3812 Coloni-ensis,
504 3757 630 3804 Guilelmus
646 3759 774 3804 Ravennae.
792 3783 825 3791 -
841 3760 897 3820 Epi:
919 3761 1038 3808 Gouradus
1053 3764 1238 3820 Argentinensis,
1261 3761 1314 3808 Otto

190 3833 374 3891 Bambergensis,
393 3834 447 3882 utto
459 3833 624 3892 Frisingensis,
641 3835 772 3880 Bonifacius
784 3835 938 3882 Novariensis.
956 3860 990 3870 -
1005 3838 1093 3886 Duces:
1112 3839 1166 3884 Otto
1180 3841 1315 3885 Boemorum

192 3909 215 3953 d.
229 3908 347 3956 conradus
360 3911 383 3958 d.
396 3911 424 3956 de
436 3909 579 3968 Roteuburg,
597 3911 654 3972 imp.¹
664 3910 741 3956 trater.
753 3912 892 3958 Berthuldus
905 3912 927 3957 d.
939 3913 1066 3960 Dalmatiae
1079 3919 1102 3960 et
1114 3915 1214 3962 marchio
1226 3915 1314 3960 Istriae.

194 3983 320 4040 ,Hemicus
331 3986 360 4032 de
372 3987 502 4033 Bruneswic
514 3987 577 4034 filins
588 3986 682 4034 Heurici
694 3988 809 4046 quondam
821 3989 886 4034 ducis
899 3989 1021 4036 Saxonie.“
1044 3991 1156 4038 IIenricus
1167 3991 1238 4036 trater
1249 3991 1314 4036 ducis

189 4059 304 4106 Austriae.
321 4084 354 4092 -
371 4062 483 4110 Comites:
502 4063 610 4110 Albcrtus
627 4065 655 4112 de
673 4065 763 4122 Bogen,
780 4065 915 4111 Lambertns
931 4067 959 4112 de
977 4066 1067 4122 Erfurt,
1085 4067 1138 4114 orto
1156 4068 1184 4114 de
1198 4067 1314 4114 Franken·

190 4135 292 4190 hausen,
313 4136 444 4184 Dietrichus
462 4139 490 4184 de
507 4139 636 4196 Hostaden,
659 4140 790 4188 Guntherns
807 4142 835 4186 de
852 4142 1003 4200 Keiernberg,
1024 4142 1119 4188 Idabodo
1136 4143 1164 4188 de
1182 4144 1313 4202 Ortenberg,

192 4211 323 4258 Gerhardus
340 4213 367 4258 de
385 4212 539 4269 Tollenstein,
562 4217 641 4274 Boppo
663 4218 691 4262 de
708 4217 840 4280 ll'ertheim.
858 4241 891 4248 —
908 4218 1012 4264 Nobiles:
1034 4217 1113 4264 Kraito
1131 4220 1158 4264 de
1175 4219 1313 4278 Boclrsberg,

163 4357 166 4364 Ι
191 4287 304 4334 Rcbcrtus
317 4289 345 4334 de
357 4288 443 4334 Durne.
462 4312 493 4318 —
512 4291 841 4352 Ansbertused.'1lobrowsky
858 4308 881 4352 p.
897 4295 956 4340 107:
974 4295 1077 4356 arentin
1095 4296 1203 4341 comitatu
1219 4297 1314 4354 impera·

1075 4371 1110 4422 3.
