3048 4944
649 273 859 337 ,pg-

252 463 285 538 3)
302 463 457 525 (leotadus
473 466 655 526 Trevisanus
672 467 834 544 episcopus
855 466 958 526 literas
974 485 992 526 a
1010 483 1081 543 rege
1102 467 1232 544 accepit,
1249 466 1314 543 qui-

189 567 245 626 bus
263 583 295 626 se
311 567 531 645 expeditionem
546 569 690 628 iacturum
708 586 776 628 esse
792 569 956 628 Romanam
970 587 1022 628 rex
1038 568 1192 628 nuntiavit.
1217 567 1314 642 Quare

188 667 281 745 episc.
304 669 486 729 feudatarius
503 688 575 730 srvos
591 668 655 728 iam
671 668 700 729 d.
721 667 736 728 1
753 668 818 730 dcc.
836 665 921 730 1189
937 677 1095 742 convocat,
1116 675 1149 730 ut
1163 670 1262 730 omnia
1277 670 1315 728 ad

186 771 243 829 iter
259 776 289 830 et
310 772 480 831 comitatum
496 773 720 832 constituerent.
743 772 877 848 (Ugbelli
893 773 915 832 Ι.
933 771 962 832 S.
979 773 1013 830 V.
1031 771 1119 845 531.)
1193 821 1196 826 .

252 873 305 948 „ln
327 875 446 933 nomine
475 906 524 933 -.
552 875 587 933 Α.
611 875 638 934 (1.
662 873 927 935 MOLXXXVIIII.
949 873 1014 934 Ind.
1031 874 1097 933 Vll.
1123 873 1170 933 die
1191 873 1313 933 Veneris

155 1029 157 1032 .
187 976 283 1052 primo
310 976 438 1034 intrante
460 976 625 1036 Decembri.
655 976 728 1037 Cum
755 977 784 1036 d.
807 976 962 1038 Corradus
989 977 1039 1045 dei
1058 993 1101 1051 gr.
1141 975 1314 1036 Tarvisiuus

186 1078 356 1155 Episcopus
374 1085 512 1138 vocasset
527 1083 616 1155 atque
632 1079 789 1139 statuisset
804 1079 973 1155 generalem
996 1078 1154 1137 terminum
1171 1083 1201 1137 et
1216 1078 1313 1154 parla-

186 1185 316 1240 mentum
334 1180 396 1240 suis
413 1181 554 1241 vassallis
578 1181 658 1258 apud
676 1181 793 1258 plebem
815 1180 844 1240 S.
863 1179 999 1241 Cassiani
1016 1181 1053 1240 de
1070 1179 1178 1254 Quinto
1195 1180 1313 1239 nomine

185 1282 332 1341 Tarvisini
354 1282 571 1360 Episcopatus,
593 1283 703 1342 ibidem
719 1283 946 1360 -Episcopus
967 1300 1066 1342 coram
1088 1283 1228 1342 vassallis
1250 1283 1313 1342 suis

186 1389 215 1443 et
238 1385 281 1442 eis
303 1385 513 1461 praesentibus
533 1383 629 1461 dicit,
651 1383 738 1464 qnod
757 1383 790 1443 iu
811 1381 1313 1444 1101111111).1111011ίῆ010-

185 1503 299 1544 norum
317 1482 412 1565 Rapie
439 1483 559 1545 litteras
580 1495 761 1568 acceperut,
782 1486 816 1545 in
832 1483 947 1566 arcibus
963 1482 1197 1562 continebatur,
1215 1504 1312 1566 prac-

178 1585 274 1668 101111
288 1584 327 1646 D.
344 1585 520 1668 Episcopus
536 1588 569 1648 in
577 1587 663 1668 festo
680 1583 712 1649 S.
728 1585 886 1670 Dionysij,
900 1587 1043 1669 prosimu
1058 1587 1184 1648 uenturi
1198 1585 1257 1663 (sc.
1276 1582 1313 1646 ll

185 1685 376 1766 11001190)
400 1710 469 1750 canc
491 1690 630 1751 caercita
651 1688 819 1766 bunarrfice
840 1689 930 1770 apud
949 1687 1140 1750 Roncaliam
1156 1686 1312 1750 1011111-

188 1791 260 1850 diue
283 1789 327 1850 ad
346 1791 558 1872 prensantium
579 1791 816 1873 praenomimti
836 1791 919 1872 repis
945 1800 1207 1872 repraesentaret
1222 1801 1250 1852 ct
1264 1811 1310 1852 aa·

187 1913 257 1954 cuna
280 1893 324 1952 ad
346 1893 578 1954 coronationem
597 1915 688 1954 snam
704 1903 732 1954 et
748 1913 897 1954 coronam
911 1893 1164 1975 recuperandam
1176 1904 1312 1975 paratus

187 1993 419 2074 Rorrrarusoret
434 1995 547 2055 r'turas.
573 1999 610 2056 Et
624 1998 734 2058 ibidem
749 1997 971 2074 -Episcopus
985 1997 1105 2072 rogavit
1120 2005 1208 2074 atque
1226 2015 1311 2075 prae-

186 2099 266 2176 cepit
287 2099 423 2158 omnibus
446 2100 586 2159 vassallis
609 2100 671 2158 suis
693 2132 732 2139 -
754 2105 786 2158 ut
812 2099 908 2176 parati
929 2105 1031 2158 essent
1051 2099 1120 2158 ituri
1140 2118 1241 2159 secum
1262 2100 1310 2159 vel

186 2201 256 2260 dare
281 2202 443 2260 secuudum
464 2202 707 2261 consuetudinem
724 2201 872 2261 Tarvisiui
888 2201 1104 2278 Episcopatus,
1129 2202 1215 2260 sicuti
1231 2207 1310 2260 retro

186 2303 256 2361 dare
279 2305 326 2362 vel
347 2304 444 2362 facere
466 2310 697 2376 consueverunt,
721 2309 751 2362 et
771 2305 828 2362 hoo
848 2309 961 2362 tantum
983 2304 1092 2362 debent
1112 2304 1171 2380 ipsi
1188 2303 1311 2363 vassalli

187 2405 284 2464 lacere
307 2410 337 2463 et
358 2406 508 2482 complere
529 2407 565 2465 de
586 2406 655 2464 binc
680 2407 716 2464 ad
739 2407 845 2464 festum
875 2405 904 2464 S.
927 2405 1007 2464 Petri
1035 2405 1168 2482 proxime
1196 2407 1312 2464 venturi

185 2501 238 2578 (29
257 2507 315 2565 iun.
341 2507 443 2584 11911).
471 2507 508 2566 Et
522 2507 633 2566 ibidem
649 2539 689 2548 -
706 2509 756 2584 qui
771 2507 812 2566 ibi
828 2508 953 2566 aderant
968 2507 1163 2566 laudaverunt
1178 2540 1219 2547 -·
1235 2507 1313 2584 quod

187 2640 227 2647 —
247 2609 408 2686 episcopus
430 2609 519 2668 iaciat
536 2610 651 2668 fodrum
675 2627 765 2686 super
785 2615 878 2668 totum
894 2609 1110 2686 Episcopatum
1126 2610 1313 2668 Tarvisinum

187 2743 225 2750 -
245 2717 274 2769 et
290 2711 390 2770 omnia
405 2712 465 2771 ista
481 2743 517 2752 —
537 2712 646 2771 debent
669 2729 736 2771 esse
757 2711 856 2770 soluta
871 2711 908 2770 de
923 2711 992 2768 hinc
1007 2711 1044 2768 ad
1061 2711 1169 2770 festum
1186 2711 1215 2771 S.
1233 2711 1313 2770 Petri

188 2814 323 2888 proxime
340 2815 466 2874 venturi.
485 2845 522 2854 -
545 2815 650 2873 Actum
668 2816 697 2873 iu
715 2815 857 2873 comitatu
873 2813 1029 2872 Tarvisiuo
1046 2814 1101 2872 sub
1119 2815 1235 2890 porticu
1251 2813 1313 2889 ple·

188 2915 234 2974 bis
251 2915 280 2974 S.
298 2916 436 2976 Cassiani
461 2917 496 2975 de
514 2916 633 2990 Quinto.
651 2949 688 2956 —
707 2917 770 2992 Ego
788 2915 894 2974 Vitalis
913 2914 941 2974 S.
958 2915 1065 2972 Palatii
1087 2921 1117 2974 et
1132 2915 1164 2975 F.
1182 2915 1313 2991 lmpera·

188 3019 260 3078 toris
278 3019 411 3078 notarius
428 3018 546 3077 interlui
563 3023 592 3076 et
609 2999 717 3095 scripsi
733 3023 763 3078 01
778 3014 956 3093 complevi.“

254 3114 287 3200 4)
309 3141 335 3179 v.
354 3122 390 3179 cl.
409 3120 598 3180 Mabillonius
621 3121 770 3197 excerpsit
792 3121 949 3196 epistolam
966 3118 1109 3178 Friderici
1125 3118 1314 3196 imperatoris

189 3225 227 3281 ad
244 3221 426 3282 Clementem
443 3221 488 3280 Ill
505 3241 615 3299 papam
633 3222 790 3298 scriptam,
814 3222 1014 3280 coutinentem
1032 3219 1130 3296 „quod
1146 3219 1315 3278 Fridericus

188 3325 345 3384 attendens
362 3324 559 3382 constantiam
576 3324 685 3395 domini
704 3342 801 3400 papae
823 3321 908 3382 circa
927 3319 1130 3402 propositum
1153 3319 1239 3400 qaod
1260 3317 1316 3378 lra-

189 3423 280 3484 bcbat
311 3424 348 3484 dc
378 3423 582 3484 coronatione
605 3421 740 3484 chrici
759 3422 826 3502 stat
853 3423 905 3482 sni
929 3431 957 3482 et
983 3421 1185 3483 (s'anstarttiac
1208 3421 1316 3482 aroris

184 3547 264 3586 sacac
287 3527 321 3586 in
344 3546 446 3606 rapam
471 3535 499 3585 ct
514 3527 657 3607 rapinam
674 3523 909 3600 Romanorum,
933 3531 962 3586 01
978 3544 1123 3586 excusans
1140 3527 1223 3597 illos,
1248 3525 1317 3602 quia

185 3631 227 3688 ita
245 3631 319 3701 cito,
346 3635 377 3688 ut
394 3630 586 3706 sperebatur,
611 3648 668 3688 uon
685 3633 844 3706 potuerant
859 3629 1015 3700 accedere3
1041 3647 1094 3705 per
1110 3629 1229 3686 nuntios
1246 3645 1317 3686 suos

190 3740 283 3811 rapat
307 3730 467 3790 dorrcn'num
487 3749 623 3811 popam,
655 3729 742 3810 quod
770 3730 856 3790 circa
881 3729 1109 3810 capeditioncm
1134 3727 1318 3808 praedictae

192 3832 407 3893 coronationis
430 3831 573 3891 intendat
596 3840 625 3892 et
645 3834 723 3908 quod
747 3833 909 3910 praedictis
933 3833 1043 3891 nuntiis
1065 3831 1154 3889 fidem
1177 3831 1319 3890 adhibeat

188 3955 279 4013 super
297 3937 345 3995 his
362 3954 437 4010 quae
455 3935 513 3994 sibi
529 3936 658 3994 referent
675 3937 743 3994 viva
760 3934 861 3995 voce.“
886 3934 1059 4008 (Mabillon,
1082 3933 1242 3992 summaria
1257 3933 1317 4010 pri·

192 4039 281 4114 vileg.
300 4057 348 4115 ap.
367 4036 499 4096 Martisue
516 4037 651 4096 collectio
668 4038 759 4114 ampl.
776 4037 879 4095 anecd.
897 4036 935 4094 ΙΙ,
957 4034 1060 4112 1230.)

252 4139 368 4213 Quibus
385 4140 568 4216 argumentis
586 4145 718 4210 constat,
735 4139 917 4198 l'ridericum
934 4138 993 4196 iam
1009 4157 1036 4197 a.
1059 4141 1137 4196 11119
1156 4156 1221 4196 cum
1238 4155 1319 4214 papa

185 4241 297 4317 egisse,
322 4247 354 4301 ut
377 4247 532 4301 coronaret
555 4241 657 4300 filium.
697 4241 882 4302 Concedente
908 4259 1002 4317 papa,
1032 4245 1117 4316 patre
1154 4240 1182 4298 iu
1210 4244 1319 4299 terram
