3048 4944
567 293 896 404 'far-

145 569 149 576 ι
232 494 359 565 mam,in
369 499 520 572 potestate
532 511 587 554 sua
598 499 741 562 servaret,
753 491 1044 568 legitimevideretur
1052 491 1350 570 possidereregnum,

232 612 326 671 eoque
338 595 443 673 populi
455 595 571 654 animos
583 595 612 654 in
626 612 697 654 suas
710 600 812 671 partes
821 594 942 654 duceret
954 625 993 634 -—
1006 598 1095 666 certe,
1108 598 1149 665 ut,
1161 591 1351 670 imperatoris

231 696 304 756 iram
322 703 352 756 et
366 696 526 756 vindictam
543 697 665 768 timens,
682 713 748 756 eam
763 695 888 756 reddere
904 695 1124 767 constituisset,
1144 699 1243 753 tamen
1259 691 1352 752 multa

231 802 262 856 et
281 816 390 872 magna
411 803 562 874 tamquam
588 797 735 856 libertatis
755 795 884 874 pretium
911 795 1078 873 postulare,
1105 796 1201 872 iisque
1225 812 1350 870 regnum

232 899 368 958 stabilire
384 904 414 958 et
429 916 532 976 pacem
548 899 677 976 adipisci
693 898 800 975 potuit.
814 929 854 938 -
867 897 1014 958 Hernicus
1026 896 1067 956 VI
1083 914 1153 956 vero
1169 915 1188 956 a
1203 913 1284 974 papa
1298 913 1350 973 pe-

232 1000 333 1072 tierat,
349 1005 383 1058 ut
397 1019 416 1058 a
430 999 583 1058 Tanoredo
599 999 683 1058 reddi
701 998 906 1060 Constantiam
922 998 1045 1058 iuberet.

296 1100 495 1161 coelestinum
512 1118 632 1177 semper
646 1100 740 1160 tuisse
756 1099 909 1160 Tanoredo
925 1100 1087 1177 propitium
1104 1117 1196 1177 supra
1210 1099 1348 1159 vidimus.

231 1202 462 1279 Approbaverat
482 1201 545 1262 eius
567 1201 804 1273 coronationem,
827 1201 949 1278 eiusque
975 1202 1172 1262 iuramentum
1197 1200 1350 1260 fidelitatis
1423 1259 1425 1264 .

150 1361 158 1378 ,
229 1308 398 1380 receperat,
425 1303 635 1379 imperatorem
661 1322 679 1362 a
706 1303 786 1362 bello
808 1308 911 1362 eontra
932 1303 1147 1366 eum.retinere
1173 1306 1349 1373 tentaverat,

229 1410 408 1464 conventum
422 1404 533 1464 montis
549 1403 667 1464 Cassini
683 1404 841 1464 interdicto
857 1404 1025 1481 puniverat,
1041 1404 1121 1480 quod
1136 1403 1288 1464 Tanoredo
1303 1420 1349 1462 ro-

229 1507 355 1566 stiterat.
386 1505 429 1565 llo
445 1505 542 1580 magis
559 1505 724 1564 mirandum
740 1509 801 1577 est,
822 1504 900 1580 quod
916 1504 1076 1580 Aegidium
1092 1503 1272 1564 cardinalem
1287 1503 1349 1562 dia-

229 1624 335 1665 conum
346 1607 500 1682 Anagniae
508 1607 687 1666 Panormum
703 1606 801 1677 misit,
811 1605 861 1682 qui
877 1605 1054 1682 postularet,
1069 1604 1280 1688 utTancredus
1295 1605 1349 1664 im-

229 1708 406 1784 peratricem
436 1707 537 1767 statim
566 1707 713 1768 redderet.
769 1706 889 1766 Henrici
922 1706 1101 1783 imperiosas
1131 1705 1349 1784 postulationes

230 1807 410 1880 Coelestino,
427 1808 495 1868 seni
505 1808 596 1868 debili
613 1819 643 1868 et
657 1809 774 1868 fortiter
788 1825 878 1883 agere
890 1824 1050 1882 numquam
1066 1807 1198 1883 audenti,
1213 1807 1349 1868 timorem

230 1910 394 1970 incussisse
416 1927 470 1987 pro
494 1916 574 1970 certo
594 1911 707 1982 habeo,
735 1914 938 1969 verumtamen
961 1925 1108 1968 summum
1133 1913 1348 1984 argumentum,

229 2029 280 2071 cur
295 2017 356 2070 tam
372 2011 505 2082 inimice,
527 2016 560 2070 ut
573 2011 705 2083 videtur,
729 2016 833 2070 contra
847 2009 1032 2070 Tanoredum
1047 2010 1143 2086 egerit
1156 2010 1249 2070 fuisse
1265 2015 1349 2087 puto,

228 2113 309 2189 quod
324 2113 451 2171 maxime
467 2112 597 2189 optavit,
619 2117 652 2170 ut
671 2129 722 2170 rex
737 2129 802 2170 cum
823 2112 1003 2187 imperatore
1018 2111 1269 2172 reconciliaretur.
1298 2111 1349 2170 Et-

231 2215 308 2272 enim
339 2213 492 2272 l’ancredo
532 2212 735 2273 Constantiam
777 2217 895 2289 captam
931 2217 1083 2284 servante,
1119 2211 1279 2271 Henricum
1308 2209 1375 2271 VI¹

229 2315 267 2374 ad
287 2333 389 2392 pacem
414 2320 585 2392 promptum
609 2331 641 2373 se
665 2313 868 2390 praebiturum
889 2331 987 2385 nemo,
1008 2313 1058 2388 qui
1081 2314 1144 2372 eius
1166 2313 1349 2372 iracundiam

229 2424 425 2493 cognoverat,
446 2433 568 2494 sperare
589 2415 697 2493 potuit.
732 2413 873 2474 Attamen
894 2431 960 2474 eum
980 2413 1170 2487 Constantia,
1191 2433 1280 2492 quam
1297 2433 1349 2474 rex

228 2517 366 2576 Panormi
388 2535 503 2577 summa
524 2517 692 2576 reverentia
706 2521 737 2575 et
751 2515 858 2575 eximia
873 2516 1065 2575 observantia
1080 2516 1224 2589 coluerat,
1247 2517 1349 2576 multis

228 2623 258 2678 et
278 2618 445 2696 splendidis
466 2618 553 2678 donis
576 2610 796 2695 acceptis,¹²⁹⁰)
817 2617 855 2675 ad
878 2618 1015 2676 maritum
1031 2623 1245 2691 reverteretur,
1266 2635 1348 2690 sane,

228 2703 438 2797 imperatorem
455 2738 562 2794 magno
579 2726 609 2778 et
624 2719 719 2780 nobili
731 2717 877 2778 Tanoredi
892 2719 991 2778 animo
1003 2725 1115 2778 motum
1131 2719 1169 2778 ad
1185 2736 1289 2796 pacem
1305 2719 1348 2778 iu·

228 2821 405 2880 clinaturum
429 2837 497 2880 esse
524 2837 647 2898 sperare
673 2813 824 2893 licuit.¹²³)
860 2819 944 2878 llulti
963 2819 1147 2880 Tanoredum
1174 2820 1348 2897 prudentius

227 2923 373 2982 iacturum
395 2921 490 2981 luisse
512 2922 648 2993 creduut,
670 2923 697 2982 si
716 2921 799 2980 nullo
819 2921 908 2983 modo
929 2920 1133 2981 Constantiam
1156 2921 1348 2994 reddidisset,

211 3025 282 3087 sed
306 3024 371 3084 eius
402 3028 435 3081 ut
459 3023 543 3098 regni
569 3023 688 3082 heredis
709 3022 882 3100 praesentia
902 3027 1004 3094 utens,
1028 3023 1132 3100 populi
1153 3023 1268 3082 animos
1290 3023 1348 3082 sibi

228 3125 452 3196 obstrinxisset,
480 3129 510 3183 et
530 3142 654 3200 regnum
678 3143 764 3186 suum
786 3103 955 3199 'legitimum
978 3116 1252 3196 constituissetffl)
1289 3122 1347 3184 Sed

296 3352 358 3418 ¹²²⁸)
377 3360 442 3406 Rich.
456 3361 490 3408 St.
504 3361 579 3406 Germ.
593 3359 650 3404 ate.
663 3381 697 3390 -—
710 3359 819 3406 Sicardus
833 3359 889 3404 615.
903 3381 936 3390 -
948 3361 971 3402 et
983 3357 1013 3403 al.

295 3430 341 3494 123)
359 3438 394 3483 De
411 3438 513 3496 captivit.
527 3435 733 3481 Constantiaevid
750 3437 820 3480 auctt.
834 3435 886 3480 adn.
900 3434 957 3480 115.
974 3435 1036 3480 citat.
1059 3433 1111 3480 Nou
1121 3435 1348 3493 praetermittendum

190 3527 211 3566 ι
226 3513 298 3567 duco,
316 3513 379 3572 quod
391 3512 532 3558 Gislelrertus
550 3511 579 3556 de
595 3510 632 3556 his
648 3509 715 3556 rebus
729 3509 818 3556 duobus
834 3511 892 3556 locis
912 3508 960 3570 (pp
973 3510 1030 3556 407.
1044 3507 1111 3566 422.)
1125 3509 1191 3568 longe
1207 3511 1252 3556 alia
1270 3512 1348 3557 retulit

201 3591 294 3646 atqua
311 3601 390 3633 omnes
407 3587 458 3642 alii,
474 3588 568 3634 tradens
581 3587 739 3632 Constantiam
754 3597 768 3632 a
783 3579 950 3636 Panormitanis
967 3589 1083 3644 tamquam
1099 3586 1221 3644 legitimam
1233 3588 1347 3636 dominam

226 3677 276 3710 esse
288 3664 424 3710 honoratam
435 3677 557 3722 eommque
570 3663 662 3717 auxillo,
675 3663 760 3721 quippe
772 3663 812 3722 qui
823 3677 873 3708 eam
885 3665 998 3722 captivam
1008 3665 1082 3710 teneri
1094 3677 1159 3721 aegre
1171 3664 1263 3721 terrent,
1275 3666 1347 3712 invito

227 3740 301 3784 Turdo
314 3740 433 3785 liberatam
444 3753 503 3786 esso.
521 3739 679 3786 Errasseaum
691 3753 719 3783 ex
730 3739 867 3784 testimoniis
880 3739 977 3784 aliorum
989 3739 1070 3784 elucet.

295 3808 340 3871 ¹²4)
358 3808 404 3860 llll'
417 3815 454 3860 eta
466 3817 545 3861 nostra
557 3810 652 3860 sareblre
665 3817 726 3860 stata
738 3816 826 3860 coteste
837 3808 875 3860 un'
886 3816 1005 3862 occasione
1016 3829 1057 3874 per
1067 3815 1136 3861 Tcrdl
1148 3815 1172 3861 di
1183 3816 1237 3862 dare
1248 3817 1272 3863 la
1282 3817 1347 3875 lagga

226 3889 255 3935 ad
271 3889 354 3936 Enrico
371 3891 419 3936 adi
435 3894 538 3936 otteuere
555 3905 596 3950 per
612 3903 695 3950 praeco
712 3891 736 3936 di
753 3891 835 3948 questa
850 3891 996 3936 restitucione
1013 3905 1060 3936 non
1075 3891 1201 3938 solamente
1217 3893 1235 3938 il
1250 3893 1346 3953 pacifico

224 3979 332 4025 possesso
349 3959 436 4012 de'suoi
453 3967 518 4022 stati,
536 3982 572 4012 ma
588 3967 719 4028 qualunque
737 3968 796 4013 altra
810 3965 850 4026 pid
866 3969 1013 4026 vantaggiosa
1025 3969 1166 4014 condicione.
1196 3969 1206 4014 l
1222 3970 1312 4029 politici
1323 3969 1347 4014 di

224 4044 306 4100 questo
325 4043 402 4088 secolo
419 4057 465 4089 uon
482 4044 606 4090 avrablrero
624 4044 776 4090 sicurameute
787 4045 922 4103 cousigliato
934 4047 1015 4104 questo
1027 4046 1130 4104 principe
1142 4060 1156 4091 a
1167 4045 1270 4093 lasciarsi
1282 4059 1347 4105 scap-

224 4131 278 4176 pare
296 4119 357 4164 dalla
374 4121 435 4164 mani
452 4113 490 4165 un'
507 4121 669 4179 imperadrice,
688 4121 749 4166 dalla
760 4121 799 4166 cui
809 4122 881 4167 vitae
897 4121 979 4168 liberta
991 4121 1104 4180 dipendea
1115 4121 1247 4183 qualunqua
1259 4123 1346 4176 diritto,

224 4193 267 4240 clre
279 4194 362 4240 Eurico
375 4195 456 4242 credes
468 4197 492 4242 di
503 4211 570 4242 avere
582 4196 643 4244 sulla
655 4196 701 4242 Sic.
714 4210 727 4241 e
744 4197 777 4255 gli
792 4197 846 4242 altri
858 4199 912 4243 stati
923 4197 1043 4256 posseduti
1055 4198 1093 4242 dal
1105 4211 1129 4244 ra
1142 4197 1203 4244 della
1214 4199 1345 4251 medesima‚

224 4283 288 4316 come
300 4271 378 4329 quella
390 4271 432 4317 che
445 4286 484 4318 ara
495 4266 579 4318 l'erede
592 4273 725 4330 presuntiva
736 4272 900 4325 dellucorona.
924 4273 962 4318 Ma
978 4269 1019 4316 acl
1030 4287 1105 4320 ruore
1115 4286 1238 4335 perreroao
1250 4275 1275 4322 di
1287 4275 1345 4320 Tan·
