<?xml version="1.0" encoding="UTF-8"?>
<!DOCTYPE html PUBLIC "-//W3C//DTD XHTML 1.0 Transitional//EN"
    "http://www.w3.org/TR/xhtml1/DTD/xhtml1-transitional.dtd">
<html xmlns="http://www.w3.org/1999/xhtml" xml:lang="en" lang="en">
 <head>
  <title>
</title>
<meta http-equiv="Content-Type" content="text/html;charset=utf-8" />
  <meta name='ocr-system' content='tesseract 3.04.00' />
  <meta name='ocr-capabilities' content='ocr_page ocr_carea ocr_par ocr_line ocrx_word'/>
</head>
<body>
  <div class='ocr_page' id='page_1' title='image "./dehenricoviroma00toecgoog_0045.png"; bbox 0 0 3048 4944; ppageno 0'>
   <div class='ocr_carea' id='block_1_1' title="bbox 684 299 894 364">
    <p class='ocr_par' dir='ltr' id='par_1_1' title="bbox 684 299 894 364">
     <span class='ocr_line' id='line_1_1' title="bbox 684 299 894 364; baseline 0 -16"><span class='ocrx_word' id='word_1_1' title='bbox 684 299 894 364; x_wconf 66' lang='lat'>..36-</span> 
     </span>
    </p>
   </div>
   <div class='ocr_carea' id='block_1_2' title="bbox 222 489 1352 2496">
    <p class='ocr_par' dir='ltr' id='par_1_2' title="bbox 222 489 1352 2496">
     <span class='ocr_line' id='line_1_2' title="bbox 293 489 1351 568; baseline -0.002 -17"><span class='ocrx_word' id='word_1_2' title='bbox 293 493 370 551; x_wconf 90' lang='lat' dir='ltr'><strong>Dum</strong></span> <span class='ocrx_word' id='word_1_3' title='bbox 390 491 467 568; x_wconf 87' lang='lat' dir='ltr'><strong>haee</strong></span> <span class='ocrx_word' id='word_1_4' title='bbox 486 491 516 548; x_wconf 91' lang='lat' dir='ltr'><strong>in</strong></span> <span class='ocrx_word' id='word_1_5' title='bbox 536 490 625 549; x_wconf 88' lang='lat' dir='ltr'><strong>Italia</strong></span> <span class='ocrx_word' id='word_1_6' title='bbox 645 494 801 566; x_wconf 87' lang='lat' dir='ltr'><strong>geruntur,</strong></span> <span class='ocrx_word' id='word_1_7' title='bbox 825 489 1009 550; x_wconf 82' lang='lat' dir='ltr'><strong>Tancredum</strong></span> <span class='ocrx_word' id='word_1_8' title='bbox 1031 507 1081 549; x_wconf 91' lang='lat' dir='ltr'><strong>res</strong></span> <span class='ocrx_word' id='word_1_9' title='bbox 1101 489 1298 565; x_wconf 84' lang='lat' dir='ltr'><strong>gravissimae</strong></span> <span class='ocrx_word' id='word_1_10' title='bbox 1320 489 1351 549; x_wconf 90' lang='lat' dir='ltr'><strong>in</strong></span> 
     </span>
     <span class='ocr_line' id='line_1_3' title="bbox 229 590 1352 670; baseline -0.003 -17"><span class='ocrx_word' id='word_1_11' title='bbox 229 593 331 654; x_wconf 86' lang='lat' dir='ltr'><strong>Sicilia</strong></span> <span class='ocrx_word' id='word_1_12' title='bbox 349 592 542 652; x_wconf 86' lang='lat' dir='ltr'><strong>retinuerunt.</strong></span> <span class='ocrx_word' id='word_1_13' title='bbox 578 591 694 650; x_wconf 78' lang='lat' dir='ltr'><strong>Etenim</strong></span> <span class='ocrx_word' id='word_1_14' title='bbox 709 591 869 670; x_wconf 83' lang='lat' dir='ltr'><strong>Philippus</strong></span> <span class='ocrx_word' id='word_1_15' title='bbox 885 593 1039 667; x_wconf 82' lang='lat' dir='ltr'><strong>Augustus</strong></span> <span class='ocrx_word' id='word_1_16' title='bbox 1054 590 1235 650; x_wconf 84' lang='lat' dir='ltr'><strong>Francorum</strong></span> <span class='ocrx_word' id='word_1_17' title='bbox 1254 609 1307 651; x_wconf 86' lang='lat' dir='ltr'><strong>rex</strong></span> <span class='ocrx_word' id='word_1_18' title='bbox 1322 596 1352 651; x_wconf 91' lang='lat' dir='ltr'><strong>et</strong></span> 
     </span>
     <span class='ocr_line' id='line_1_4' title="bbox 228 692 1350 770; baseline -0.001 -16"><span class='ocrx_word' id='word_1_19' title='bbox 228 694 395 754; x_wconf 85' lang='lat' dir='ltr'><strong>Richardus</strong></span> <span class='ocrx_word' id='word_1_20' title='bbox 410 693 537 768; x_wconf 85' lang='lat' dir='ltr'><strong>Angliae</strong></span> <span class='ocrx_word' id='word_1_21' title='bbox 552 711 603 752; x_wconf 85' lang='lat' dir='ltr'><strong>rex</strong></span> <span class='ocrx_word' id='word_1_22' title='bbox 618 693 674 752; x_wconf 91' lang='lat' dir='ltr'><strong>iter</strong></span> <span class='ocrx_word' id='word_1_23' title='bbox 688 695 718 751; x_wconf 91' lang='lat' dir='ltr'><strong>in</strong></span> <span class='ocrx_word' id='word_1_24' title='bbox 739 697 848 752; x_wconf 90' lang='lat' dir='ltr'><strong>terram</strong></span> <span class='ocrx_word' id='word_1_25' title='bbox 868 698 1003 754; x_wconf 82' lang='lat' dir='ltr'><strong>sanctam</strong></span> <span class='ocrx_word' id='word_1_26' title='bbox 1023 692 1142 765; x_wconf 85' lang='lat' dir='ltr'><strong>tacturi,</strong></span> <span class='ocrx_word' id='word_1_27' title='bbox 1163 695 1350 770; x_wconf 88' lang='lat' dir='ltr'><strong>tempestati·</strong></span> 
     </span>
     <span class='ocr_line' id='line_1_5' title="bbox 229 793 1349 867; baseline -0.004 -11"><span class='ocrx_word' id='word_1_28' title='bbox 229 798 287 856; x_wconf 89' lang='lat' dir='ltr'><strong>hus</strong></span> <span class='ocrx_word' id='word_1_29' title='bbox 302 795 420 867; x_wconf 88' lang='lat' dir='ltr'><strong>retenti,</strong></span> <span class='ocrx_word' id='word_1_30' title='bbox 436 795 466 853; x_wconf 90' lang='lat' dir='ltr'><strong>in</strong></span> <span class='ocrx_word' id='word_1_31' title='bbox 483 794 585 854; x_wconf 81' lang='lat' dir='ltr'><strong>Sicilia</strong></span> <span class='ocrx_word' id='word_1_32' title='bbox 600 794 730 856; x_wconf 90' lang='lat' dir='ltr'><strong>hiemare</strong></span> <span class='ocrx_word' id='word_1_33' title='bbox 747 795 842 854; x_wconf 89' lang='lat' dir='ltr'><strong>coacti</strong></span> <span class='ocrx_word' id='word_1_34' title='bbox 858 801 935 856; x_wconf 91' lang='lat' dir='ltr'><strong>sunt.</strong></span> <span class='ocrx_word' id='word_1_35' title='bbox 958 793 1124 854; x_wconf 86' lang='lat' dir='ltr'><strong>Richardus</strong></span> <span class='ocrx_word' id='word_1_36' title='bbox 1140 812 1220 866; x_wconf 84' lang='lat' dir='ltr'><strong>vero,</strong></span> <span class='ocrx_word' id='word_1_37' title='bbox 1236 793 1286 853; x_wconf 91' lang='lat' dir='ltr'><strong>ubi</strong></span> <span class='ocrx_word' id='word_1_38' title='bbox 1301 813 1349 852; x_wconf 90' lang='lat' dir='ltr'><strong>ac-</strong></span> 
     </span>
     <span class='ocr_line' id='line_1_6' title="bbox 228 880 1350 975; baseline -0.003 -18"><span class='ocrx_word' id='word_1_39' title='bbox 228 898 309 975; x_wconf 90' lang='lat' dir='ltr'><strong>cepit</strong></span> <span class='ocrx_word' id='word_1_40' title='bbox 330 897 511 968; x_wconf 76' lang='lat' dir='ltr'><strong>iohannem,</strong></span> <span class='ocrx_word' id='word_1_41' title='bbox 534 896 631 955; x_wconf 92' lang='lat' dir='ltr'><strong>ultimi</strong></span> <span class='ocrx_word' id='word_1_42' title='bbox 653 896 734 972; x_wconf 86' lang='lat' dir='ltr'><strong>regis</strong></span> <span class='ocrx_word' id='word_1_43' title='bbox 757 897 821 958; x_wconf 90' lang='lat' dir='ltr'><strong>scil.</strong></span> <span class='ocrx_word' id='word_1_44' title='bbox 857 895 995 956; x_wconf 90' lang='lat' dir='ltr'><strong>Guilelmi</strong></span> <span class='ocrx_word' id='word_1_45' title='bbox 1010 894 1040 955; x_wconf 92' lang='lat' dir='ltr'><strong>II</strong></span> <span class='ocrx_word' id='word_1_46' title='bbox 1060 913 1195 968; x_wconf 85' lang='lat' dir='ltr'><strong>uxorem,</strong></span> <span class='ocrx_word' id='word_1_47' title='bbox 1218 880 1350 956; x_wconf 82' lang='lat' dir='ltr'><strong>sororem</strong></span> 
     </span>
     <span class='ocr_line' id='line_1_7' title="bbox 229 997 1352 1075; baseline -0.002 -17"><span class='ocrx_word' id='word_1_48' title='bbox 229 1017 327 1068; x_wconf 86' lang='lat' dir='ltr'><strong>suam,</strong></span> <span class='ocrx_word' id='word_1_49' title='bbox 367 1016 454 1074; x_wconf 91' lang='lat' dir='ltr'><strong>quam</strong></span> <span class='ocrx_word' id='word_1_50' title='bbox 475 1017 494 1056; x_wconf 91' lang='lat' dir='ltr'><strong>a</strong></span> <span class='ocrx_word' id='word_1_51' title='bbox 518 997 671 1056; x_wconf 87' lang='lat' dir='ltr'><strong>Tancredo</strong></span> <span class='ocrx_word' id='word_1_52' title='bbox 697 999 734 1056; x_wconf 88' lang='lat' dir='ltr'><strong>ad</strong></span> <span class='ocrx_word' id='word_1_53' title='bbox 760 1015 792 1058; x_wconf 89' lang='lat' dir='ltr'><strong>se</strong></span> <span class='ocrx_word' id='word_1_54' title='bbox 817 998 943 1071; x_wconf 86' lang='lat' dir='ltr'><strong>remitti,</strong></span> <span class='ocrx_word' id='word_1_55' title='bbox 970 1002 1167 1075; x_wconf 81' lang='lat' dir='ltr'><strong>poposcerat,</strong></span> <span class='ocrx_word' id='word_1_56' title='bbox 1196 997 1224 1057; x_wconf 86' lang='lat' dir='ltr'><strong>vi</strong></span> <span class='ocrx_word' id='word_1_57' title='bbox 1251 1003 1281 1056; x_wconf 88' lang='lat' dir='ltr'><strong>et</strong></span> <span class='ocrx_word' id='word_1_58' title='bbox 1305 1017 1352 1057; x_wconf 90' lang='lat' dir='ltr'><strong>ar-</strong></span> 
     </span>
     <span class='ocr_line' id='line_1_8' title="bbox 227 1099 1351 1177; baseline -0.002 -17"><span class='ocrx_word' id='word_1_59' title='bbox 227 1101 284 1160; x_wconf 91' lang='lat' dir='ltr'><strong>mis</strong></span> <span class='ocrx_word' id='word_1_60' title='bbox 300 1099 424 1160; x_wconf 86' lang='lat' dir='ltr'><strong>castella</strong></span> <span class='ocrx_word' id='word_1_61' title='bbox 438 1099 582 1175; x_wconf 88' lang='lat' dir='ltr'><strong>quaedem</strong></span> <span class='ocrx_word' id='word_1_62' title='bbox 600 1099 693 1177; x_wconf 90' lang='lat' dir='ltr'><strong>cepit,</strong></span> <span class='ocrx_word' id='word_1_63' title='bbox 715 1100 867 1176; x_wconf 89' lang='lat' dir='ltr'><strong>praesidia</strong></span> <span class='ocrx_word' id='word_1_64' title='bbox 881 1100 922 1159; x_wconf 92' lang='lat' dir='ltr'><strong>ihi</strong></span> <span class='ocrx_word' id='word_1_65' title='bbox 939 1099 1110 1171; x_wconf 89' lang='lat' dir='ltr'><strong>collocavit,</strong></span> <span class='ocrx_word' id='word_1_66' title='bbox 1132 1116 1265 1158; x_wconf 90' lang='lat' dir='ltr'><strong>sororem</strong></span> <span class='ocrx_word' id='word_1_67' title='bbox 1279 1099 1351 1158; x_wconf 89' lang='lat' dir='ltr'><strong>illue</strong></span> 
     </span>
     <span class='ocr_line' id='line_1_9' title="bbox 227 1197 1348 1277; baseline -0.002 -15"><span class='ocrx_word' id='word_1_68' title='bbox 227 1203 317 1263; x_wconf 72' lang='lat' dir='ltr'><strong>naisit.</strong></span> <span class='ocrx_word' id='word_1_69' title='bbox 341 1201 444 1277; x_wconf 86' lang='lat' dir='ltr'>Neque</span> <span class='ocrx_word' id='word_1_70' title='bbox 460 1201 579 1259; x_wconf 90' lang='lat' dir='ltr'><strong>dubium</strong></span> <span class='ocrx_word' id='word_1_71' title='bbox 598 1206 657 1272; x_wconf 89' lang='lat' dir='ltr'><strong>est,</strong></span> <span class='ocrx_word' id='word_1_72' title='bbox 674 1201 745 1276; x_wconf 91' lang='lat' dir='ltr'><strong>quin</strong></span> <span class='ocrx_word' id='word_1_73' title='bbox 761 1201 904 1260; x_wconf 87' lang='lat' dir='ltr'><strong>affinitate</strong></span> <span class='ocrx_word' id='word_1_74' title='bbox 927 1219 991 1261; x_wconf 91' lang='lat' dir='ltr'><strong>cum</strong></span> <span class='ocrx_word' id='word_1_75' title='bbox 1008 1197 1155 1260; x_wconf 89' lang='lat' dir='ltr'><strong>Guilelmo</strong></span> <span class='ocrx_word' id='word_1_76' title='bbox 1176 1218 1264 1272; x_wconf 89' lang='lat' dir='ltr'><strong>usus,</strong></span> <span class='ocrx_word' id='word_1_77' title='bbox 1285 1201 1348 1260; x_wconf 90' lang='lat' dir='ltr'><strong>iure</strong></span> 
     </span>
     <span class='ocr_line' id='line_1_10' title="bbox 227 1301 1349 1382; baseline -0.003 -17"><span class='ocrx_word' id='word_1_78' title='bbox 227 1305 355 1382; x_wconf 87' lang='lat' dir='ltr'><strong>quodam</strong></span> <span class='ocrx_word' id='word_1_79' title='bbox 375 1303 555 1362; x_wconf 84' lang='lat' dir='ltr'><strong>hereditario</strong></span> <span class='ocrx_word' id='word_1_80' title='bbox 576 1307 669 1360; x_wconf 92' lang='lat' dir='ltr'><strong>totam</strong></span> <span class='ocrx_word' id='word_1_81' title='bbox 690 1301 819 1361; x_wconf 90' lang='lat' dir='ltr'><strong>insulam</strong></span> <span class='ocrx_word' id='word_1_82' title='bbox 841 1303 899 1363; x_wconf 91' lang='lat' dir='ltr'><strong>sibi</strong></span> <span class='ocrx_word' id='word_1_83' title='bbox 920 1303 1066 1362; x_wconf 89' lang='lat' dir='ltr'><strong>subiicere</strong></span> <span class='ocrx_word' id='word_1_84' title='bbox 1086 1302 1217 1362; x_wconf 90' lang='lat' dir='ltr'><strong>tentarit.</strong></span> <span class='ocrx_word' id='word_1_85' title='bbox 1252 1301 1349 1376; x_wconf 84' lang='lat' dir='ltr'><strong>Quare</strong></span> 
     </span>
     <span class='ocr_line' id='line_1_11' title="bbox 227 1403 1348 1480; baseline -0.003 -14"><span class='ocrx_word' id='word_1_86' title='bbox 227 1411 329 1466; x_wconf 84' lang='lat' dir='ltr'><strong>exorta</strong></span> <span class='ocrx_word' id='word_1_87' title='bbox 351 1410 398 1466; x_wconf 91' lang='lat' dir='ltr'><strong>est</strong></span> <span class='ocrx_word' id='word_1_88' title='bbox 420 1404 528 1464; x_wconf 87' lang='lat' dir='ltr'><strong>seditio</strong></span> <span class='ocrx_word' id='word_1_89' title='bbox 551 1403 798 1464; x_wconf 87' lang='lat' dir='ltr'><strong>Messanensium.</strong></span> <span class='ocrx_word' id='word_1_90' title='bbox 836 1403 902 1478; x_wconf 82' lang='lat' dir='ltr'><strong>Qua</strong></span> <span class='ocrx_word' id='word_1_91' title='bbox 925 1405 1043 1477; x_wconf 90' lang='lat' dir='ltr'><strong>sedata,</strong></span> <span class='ocrx_word' id='word_1_92' title='bbox 1067 1405 1162 1480; x_wconf 87' lang='lat' dir='ltr'><strong>altera</strong></span> <span class='ocrx_word' id='word_1_93' title='bbox 1184 1404 1296 1463; x_wconf 90' lang='lat' dir='ltr'><strong>maiore</strong></span> <span class='ocrx_word' id='word_1_94' title='bbox 1318 1405 1348 1463; x_wconf 84' lang='lat' dir='ltr'><strong>vi</strong></span> 
     </span>
     <span class='ocr_line' id='line_1_12' title="bbox 227 1505 1346 1583; baseline -0.004 -16"><span class='ocrx_word' id='word_1_95' title='bbox 227 1507 347 1568; x_wconf 87' lang='lat' dir='ltr'><strong>exarsit.</strong></span> <span class='ocrx_word' id='word_1_96' title='bbox 371 1507 445 1566; x_wconf 91' lang='lat' dir='ltr'><strong>Tum</strong></span> <span class='ocrx_word' id='word_1_97' title='bbox 461 1505 551 1581; x_wconf 84' lang='lat' dir='ltr'><strong>Angli</strong></span> <span class='ocrx_word' id='word_1_98' title='bbox 567 1506 669 1564; x_wconf 91' lang='lat' dir='ltr'><strong>urbem</strong></span> <span class='ocrx_word' id='word_1_99' title='bbox 685 1506 823 1581; x_wconf 80' lang='lat' dir='ltr'><strong>aggressi</strong></span> <span class='ocrx_word' id='word_1_100' title='bbox 839 1511 1055 1583; x_wconf 85' lang='lat' dir='ltr'><strong>expugnarunt.</strong></span> <span class='ocrx_word' id='word_1_101' title='bbox 1083 1505 1109 1564; x_wconf 89' lang='grc' dir='ltr'>Α</span> <span class='ocrx_word' id='word_1_102' title='bbox 1126 1505 1277 1565; x_wconf 86' lang='lat' dir='ltr'><strong>Tancredo</strong></span> <span class='ocrx_word' id='word_1_103' title='bbox 1293 1523 1346 1582; x_wconf 91' lang='lat' dir='ltr'><strong>pa-</strong></span> 
     </span>
     <span class='ocr_line' id='line_1_13' title="bbox 226 1607 1346 1686; baseline -0.004 -17"><span class='ocrx_word' id='word_1_104' title='bbox 226 1629 289 1670; x_wconf 93' lang='lat' dir='ltr'><strong>cem</strong></span> <span class='ocrx_word' id='word_1_105' title='bbox 305 1613 424 1686; x_wconf 88' lang='lat' dir='ltr'><strong>petente</strong></span> <span class='ocrx_word' id='word_1_106' title='bbox 430 1607 606 1678; x_wconf 87' lang='lat' dir='ltr'><strong>Richardus‚</strong></span> <span class='ocrx_word' id='word_1_107' title='bbox 620 1623 708 1682; x_wconf 90' lang='lat' dir='ltr'><strong>quum</strong></span> <span class='ocrx_word' id='word_1_108' title='bbox 722 1607 857 1679; x_wconf 87' lang='lat' dir='ltr'><strong>avaritia,</strong></span> <span class='ocrx_word' id='word_1_109' title='bbox 870 1624 958 1683; x_wconf 87' lang='lat' dir='ltr'><strong>quam</strong></span> <span class='ocrx_word' id='word_1_110' title='bbox 974 1625 1028 1684; x_wconf 90' lang='lat' dir='ltr'><strong>per</strong></span> <span class='ocrx_word' id='word_1_111' title='bbox 1040 1613 1133 1666; x_wconf 90' lang='lat' dir='ltr'><strong>totam</strong></span> <span class='ocrx_word' id='word_1_112' title='bbox 1145 1607 1236 1666; x_wconf 87' lang='lat' dir='ltr'><strong>vitam</strong></span> <span class='ocrx_word' id='word_1_113' title='bbox 1248 1611 1346 1667; x_wconf 87' lang='lat' dir='ltr'><strong>osten-</strong></span> 
     </span>
     <span class='ocr_line' id='line_1_14' title="bbox 226 1708 1347 1783; baseline -0.002 -13"><span class='ocrx_word' id='word_1_114' title='bbox 226 1713 283 1783; x_wconf 92' lang='lat' dir='ltr'><strong>dit,</strong></span> <span class='ocrx_word' id='word_1_115' title='bbox 305 1711 425 1781; x_wconf 92' lang='lat' dir='ltr'><strong>ductus,</strong></span> <span class='ocrx_word' id='word_1_116' title='bbox 449 1713 511 1767; x_wconf 91' lang='lat' dir='ltr'><strong>tum</strong></span> <span class='ocrx_word' id='word_1_117' title='bbox 534 1708 688 1767; x_wconf 82' lang='lat' dir='ltr'><strong>atrocitate</strong></span> <span class='ocrx_word' id='word_1_118' title='bbox 709 1709 911 1768; x_wconf 80' lang='lat' dir='ltr'><strong>etterocitate</strong></span> <span class='ocrx_word' id='word_1_119' title='bbox 931 1709 1086 1780; x_wconf 87' lang='lat' dir='ltr'><strong>incitatus,</strong></span> <span class='ocrx_word' id='word_1_120' title='bbox 1108 1710 1153 1768; x_wconf 87' lang='lat' dir='ltr'><strong>ira</strong></span> <span class='ocrx_word' id='word_1_121' title='bbox 1172 1714 1347 1781; x_wconf 89' lang='lat' dir='ltr'><strong>commotus,</strong></span> 
     </span>
     <span class='ocr_line' id='line_1_15' title="bbox 226 1809 1348 1894; baseline -0.002 -23"><span class='ocrx_word' id='word_1_122' title='bbox 226 1812 351 1872; x_wconf 81' lang='lat' dir='ltr'><strong>victoria</strong></span> <span class='ocrx_word' id='word_1_123' title='bbox 366 1811 512 1882; x_wconf 81' lang='lat' dir='ltr'><strong>sublatae,</strong></span> <span class='ocrx_word' id='word_1_124' title='bbox 526 1809 684 1868; x_wconf 88' lang='lat' dir='ltr'><strong>immodica</strong></span> <span class='ocrx_word' id='word_1_125' title='bbox 699 1811 872 1887; x_wconf 90' lang='lat' dir='ltr'><strong>postulavit.</strong></span> <span class='ocrx_word' id='word_1_126' title='bbox 896 1811 1030 1886; x_wconf 90' lang='lat' dir='ltr'><strong>Denique</strong></span> <span class='ocrx_word' id='word_1_127' title='bbox 1045 1829 1116 1894; x_wconf 86' lang='lat' dir='ltr'><strong>vero</strong></span> <span class='ocrx_word' id='word_1_128' title='bbox 1132 1810 1222 1870; x_wconf 90' lang='lat' dir='ltr'><strong>lenito</strong></span> <span class='ocrx_word' id='word_1_129' title='bbox 1238 1811 1348 1884; x_wconf 89' lang='lat' dir='ltr'><strong>anime,</strong></span> 
     </span>
     <span class='ocr_line' id='line_1_16' title="bbox 225 1912 1346 1988; baseline -0.002 -15"><span class='ocrx_word' id='word_1_130' title='bbox 225 1933 291 1973; x_wconf 90' lang='lat' dir='ltr'><strong>cum</strong></span> <span class='ocrx_word' id='word_1_131' title='bbox 312 1912 518 1988; x_wconf 87' lang='lat' dir='ltr'><strong>cognovisset,</strong></span> <span class='ocrx_word' id='word_1_132' title='bbox 546 1929 578 1970; x_wconf 89' lang='lat' dir='ltr'><strong>se</strong></span> <span class='ocrx_word' id='word_1_133' title='bbox 601 1929 662 1970; x_wconf 90' lang='lat' dir='ltr'><strong>non</strong></span> <span class='ocrx_word' id='word_1_134' title='bbox 685 1929 775 1988; x_wconf 89' lang='lat' dir='ltr'><strong>posse</strong></span> <span class='ocrx_word' id='word_1_135' title='bbox 797 1930 967 1988; x_wconf 85' lang='lat' dir='ltr'><strong>expugnare</strong></span> <span class='ocrx_word' id='word_1_136' title='bbox 989 1913 1116 1972; x_wconf 90' lang='lat' dir='ltr'><strong>insulam</strong></span> <span class='ocrx_word' id='word_1_137' title='bbox 1141 1929 1234 1988; x_wconf 89' lang='lat' dir='ltr'><strong>eoque</strong></span> <span class='ocrx_word' id='word_1_138' title='bbox 1257 1912 1346 1971; x_wconf 92' lang='lat' dir='ltr'><strong>modo</strong></span> 
     </span>
     <span class='ocr_line' id='line_1_17' title="bbox 224 2013 1347 2092; baseline -0.004 -16"><span class='ocrx_word' id='word_1_139' title='bbox 224 2033 331 2076; x_wconf 86' lang='lat' dir='ltr'><strong>nocere</strong></span> <span class='ocrx_word' id='word_1_140' title='bbox 348 2020 378 2074; x_wconf 91' lang='lat' dir='ltr'><strong>et</strong></span> <span class='ocrx_word' id='word_1_141' title='bbox 397 2013 560 2092; x_wconf 87' lang='lat' dir='ltr'><strong>perieulum</strong></span> <span class='ocrx_word' id='word_1_142' title='bbox 578 2013 682 2072; x_wconf 83' lang='lat' dir='ltr'><strong>afferre</strong></span> <span class='ocrx_word' id='word_1_143' title='bbox 703 2014 890 2090; x_wconf 87' lang='lat' dir='ltr'><strong>imperatori,</strong></span> <span class='ocrx_word' id='word_1_144' title='bbox 912 2016 959 2073; x_wconf 89' lang='lat' dir='ltr'><strong>cui</strong></span> <span class='ocrx_word' id='word_1_145' title='bbox 979 2020 1008 2074; x_wconf 90' lang='lat' dir='ltr'><strong>et</strong></span> <span class='ocrx_word' id='word_1_146' title='bbox 1030 2019 1153 2092; x_wconf 91' lang='lat' dir='ltr'><strong>propter</strong></span> <span class='ocrx_word' id='word_1_147' title='bbox 1172 2013 1347 2072; x_wconf 83' lang='lat' dir='ltr'><strong>affinitatem</strong></span> 
     </span>
     <span class='ocr_line' id='line_1_18' title="bbox 225 2115 1346 2194; baseline -0.003 -17"><span class='ocrx_word' id='word_1_148' title='bbox 225 2136 290 2177; x_wconf 89' lang='lat' dir='ltr'><strong>cum</strong></span> <span class='ocrx_word' id='word_1_149' title='bbox 306 2116 435 2176; x_wconf 91' lang='lat' dir='ltr'><strong>Henrico</strong></span> <span class='ocrx_word' id='word_1_150' title='bbox 451 2115 549 2176; x_wconf 90' lang='lat' dir='ltr'><strong>Leone</strong></span> <span class='ocrx_word' id='word_1_151' title='bbox 570 2121 600 2174; x_wconf 92' lang='lat' dir='ltr'><strong>et</strong></span> <span class='ocrx_word' id='word_1_152' title='bbox 615 2121 738 2193; x_wconf 91' lang='lat' dir='ltr'><strong>propter</strong></span> <span class='ocrx_word' id='word_1_153' title='bbox 753 2116 923 2176; x_wconf 90' lang='lat' dir='ltr'><strong>inimicitias</strong></span> <span class='ocrx_word' id='word_1_154' title='bbox 939 2121 1042 2175; x_wconf 87' lang='lat' dir='ltr'><strong>contra</strong></span> <span class='ocrx_word' id='word_1_155' title='bbox 1056 2116 1228 2194; x_wconf 91' lang='lat' dir='ltr'><strong>Philippum</strong></span> <span class='ocrx_word' id='word_1_156' title='bbox 1244 2115 1346 2191; x_wconf 83' lang='lat' dir='ltr'><strong>Augu·</strong></span> 
     </span>
     <span class='ocr_line' id='line_1_19' title="bbox 224 2217 1345 2295; baseline -0.004 -15"><span class='ocrx_word' id='word_1_157' title='bbox 224 2226 312 2291; x_wconf 89' lang='lat' dir='ltr'><strong>stum,</strong></span> <span class='ocrx_word' id='word_1_158' title='bbox 328 2217 517 2295; x_wconf 89' lang='lat' dir='ltr'><strong>imperatoris</strong></span> <span class='ocrx_word' id='word_1_159' title='bbox 533 2217 669 2289; x_wconf 87' lang='lat' dir='ltr'><strong>amicum,</strong></span> <span class='ocrx_word' id='word_1_160' title='bbox 686 2223 749 2276; x_wconf 88' lang='lat' dir='ltr'><strong>erat</strong></span> <span class='ocrx_word' id='word_1_161' title='bbox 764 2218 976 2278; x_wconf 86' lang='lat' dir='ltr'><strong>infestissimus</strong></span> <span class='ocrx_word' id='word_1_162' title='bbox 997 2251 1035 2258; x_wconf 91' lang='lat'><em>-</em></span> <span class='ocrx_word' id='word_1_163' title='bbox 1057 2223 1169 2276; x_wconf 89' lang='lat' dir='ltr'><strong>arctum</strong></span> <span class='ocrx_word' id='word_1_164' title='bbox 1186 2235 1252 2277; x_wconf 89' lang='lat' dir='ltr'><strong>cum</strong></span> <span class='ocrx_word' id='word_1_165' title='bbox 1269 2217 1345 2276; x_wconf 86' lang='lat' dir='ltr'><strong>Tan·</strong></span> 
     </span>
     <span class='ocr_line' id='line_1_20' title="bbox 224 2319 1344 2396; baseline -0.004 -16"><span class='ocrx_word' id='word_1_166' title='bbox 224 2321 311 2380; x_wconf 91' lang='lat' dir='ltr'><strong>credo</strong></span> <span class='ocrx_word' id='word_1_167' title='bbox 334 2320 439 2379; x_wconf 84' lang='lat' dir='ltr'><strong>foedus</strong></span> <span class='ocrx_word' id='word_1_168' title='bbox 463 2319 542 2391; x_wconf 89' lang='lat' dir='ltr'><strong>iniit,</strong></span> <span class='ocrx_word' id='word_1_169' title='bbox 566 2336 623 2395; x_wconf 86' lang='lat' dir='ltr'><strong>quo</strong></span> <span class='ocrx_word' id='word_1_170' title='bbox 647 2319 785 2396; x_wconf 88' lang='lat' dir='ltr'><strong>promisit</strong></span> <span class='ocrx_word' id='word_1_171' title='bbox 807 2338 878 2394; x_wconf 85' lang='lat' dir='ltr'><strong>„se,</strong></span> <span class='ocrx_word' id='word_1_172' title='bbox 901 2319 1041 2396; x_wconf 90' lang='lat' dir='ltr'><strong>quamdiu</strong></span> <span class='ocrx_word' id='word_1_173' title='bbox 1064 2319 1094 2376; x_wconf 94' lang='lat' dir='ltr'><strong>in</strong></span> <span class='ocrx_word' id='word_1_174' title='bbox 1115 2336 1208 2394; x_wconf 90' lang='lat' dir='ltr'><strong>regno</strong></span> <span class='ocrx_word' id='word_1_175' title='bbox 1230 2336 1344 2378; x_wconf 89' lang='lat' dir='ltr'><strong>moram</strong></span> 
     </span>
     <span class='ocr_line' id='line_1_21' title="bbox 222 2420 1345 2496; baseline -0.002 -16"><span class='ocrx_word' id='word_1_176' title='bbox 222 2423 346 2494; x_wconf 89' lang='lat' dir='ltr'><strong>faceret,</strong></span> <span class='ocrx_word' id='word_1_177' title='bbox 368 2421 395 2480; x_wconf 92' lang='grc'><strong>11</strong></span> <span class='ocrx_word' id='word_1_178' title='bbox 416 2421 556 2480; x_wconf 88' lang='lat' dir='ltr'><strong>auxilium</strong></span> <span class='ocrx_word' id='word_1_179' title='bbox 576 2421 789 2496; x_wconf 88' lang='lat' dir='ltr'><strong>praestiturum</strong></span> <span class='ocrx_word' id='word_1_180' title='bbox 810 2426 913 2480; x_wconf 87' lang='lat' dir='ltr'><strong>contra</strong></span> <span class='ocrx_word' id='word_1_181' title='bbox 931 2436 1169 2496; x_wconf 86' lang='lat' dir='ltr'><strong>unumquemque</strong></span> <span class='ocrx_word' id='word_1_182' title='bbox 1185 2421 1234 2496; x_wconf 92' lang='lat' dir='ltr'><strong>qui</strong></span> <span class='ocrx_word' id='word_1_183' title='bbox 1254 2420 1345 2479; x_wconf 89' lang='lat' dir='ltr'><strong>vellet</strong></span> 
     </span>
    </p>
   </div>
   <div class='ocr_carea' id='block_1_3' title="bbox 202 2521 1344 2888">
    <p class='ocr_par' dir='ltr' id='par_1_3' title="bbox 221 2521 1344 2701">
     <span class='ocr_line' id='line_1_22' title="bbox 222 2521 1344 2598; baseline -0.004 -16"><span class='ocrx_word' id='word_1_184' title='bbox 222 2529 331 2582; x_wconf 90' lang='lat' dir='ltr'><strong>terram</strong></span> <span class='ocrx_word' id='word_1_185' title='bbox 351 2523 491 2582; x_wconf 87' lang='lat' dir='ltr'><strong>invadere</strong></span> <span class='ocrx_word' id='word_1_186' title='bbox 511 2527 563 2580; x_wconf 90' lang='lat' dir='ltr'><strong>aut</strong></span> <span class='ocrx_word' id='word_1_187' title='bbox 582 2522 646 2598; x_wconf 88' lang='lat' dir='ltr'><strong>regi</strong></span> <span class='ocrx_word' id='word_1_188' title='bbox 666 2523 776 2582; x_wconf 90' lang='lat' dir='ltr'><strong>bellum</strong></span> <span class='ocrx_word' id='word_1_189' title='bbox 796 2523 940 2593; x_wconf 81' lang='lat' dir='ltr'><strong>inteme,“</strong></span> <span class='ocrx_word' id='word_1_190' title='bbox 960 2523 1060 2597; x_wconf 89' lang='lat' dir='ltr'><strong>itaque</strong></span> <span class='ocrx_word' id='word_1_191' title='bbox 1076 2521 1213 2580; x_wconf 91' lang='lat' dir='ltr'><strong>omnihus</strong></span> <span class='ocrx_word' id='word_1_192' title='bbox 1229 2539 1261 2581; x_wconf 87' lang='lat' dir='ltr'><strong>se</strong></span> <span class='ocrx_word' id='word_1_193' title='bbox 1278 2540 1344 2580; x_wconf 91' lang='lat' dir='ltr'><strong>cum</strong></span> 
     </span>
     <span class='ocr_line' id='line_1_23' title="bbox 221 2623 1002 2701; baseline -0.003 -17"><span class='ocrx_word' id='word_1_194' title='bbox 221 2626 359 2684; x_wconf 86' lang='lat' dir='ltr'><strong>hostibus</strong></span> <span class='ocrx_word' id='word_1_195' title='bbox 374 2624 495 2682; x_wconf 87' lang='lat' dir='ltr'><strong>Henrici</strong></span> <span class='ocrx_word' id='word_1_196' title='bbox 511 2623 552 2682; x_wconf 93' lang='lat' dir='ltr'><strong>VI</strong></span> <span class='ocrx_word' id='word_1_197' title='bbox 568 2624 754 2682; x_wconf 90' lang='lat' dir='ltr'><strong>coniunctum</strong></span> <span class='ocrx_word' id='word_1_198' title='bbox 770 2643 837 2684; x_wconf 90' lang='lat' dir='ltr'><strong>esse</strong></span> <span class='ocrx_word' id='word_1_199' title='bbox 854 2624 1002 2701; x_wconf 88' lang='lat' dir='ltr'><strong>patefecit.</strong></span> 
     </span>
    </p>

    <p class='ocr_par' dir='ltr' id='par_1_4' title="bbox 202 2725 1344 2888">
     <span class='ocr_line' id='line_1_24' title="bbox 202 2725 1342 2802; baseline -0.001 -17"><span class='ocrx_word' id='word_1_200' title='bbox 202 2769 204 2774; x_wconf 68' lang='lat'><strong>,</strong></span> <span class='ocrx_word' id='word_1_201' title='bbox 286 2727 335 2786; x_wconf 92' lang='lat' dir='ltr'><strong>Sic</strong></span> <span class='ocrx_word' id='word_1_202' title='bbox 354 2743 413 2784; x_wconf 89' lang='lat' dir='ltr'><strong>non</strong></span> <span class='ocrx_word' id='word_1_203' title='bbox 429 2726 517 2784; x_wconf 92' lang='lat' dir='ltr'><strong>modo</strong></span> <span class='ocrx_word' id='word_1_204' title='bbox 533 2725 703 2784; x_wconf 86' lang='lat' dir='ltr'><strong>Tancredus</strong></span> <span class='ocrx_word' id='word_1_205' title='bbox 726 2727 890 2802; x_wconf 89' lang='lat' dir='ltr'><strong>periculum</strong></span> <span class='ocrx_word' id='word_1_206' title='bbox 910 2731 1077 2798; x_wconf 89' lang='lat' dir='ltr'><strong>amoverat,</strong></span> <span class='ocrx_word' id='word_1_207' title='bbox 1101 2727 1154 2786; x_wconf 89' lang='lat' dir='ltr'><strong>sed</strong></span> <span class='ocrx_word' id='word_1_208' title='bbox 1180 2725 1268 2784; x_wconf 89' lang='lat' dir='ltr'><strong>etiam</strong></span> <span class='ocrx_word' id='word_1_209' title='bbox 1295 2743 1342 2784; x_wconf 91' lang='lat' dir='ltr'><strong>so-</strong></span> 
     </span>
     <span class='ocr_line' id='line_1_25' title="bbox 222 2827 1344 2888; baseline 0 -2"><span class='ocrx_word' id='word_1_210' title='bbox 222 2829 300 2886; x_wconf 88' lang='lat' dir='ltr'><strong>cium</strong></span> <span class='ocrx_word' id='word_1_211' title='bbox 319 2827 487 2886; x_wconf 87' lang='lat' dir='ltr'><strong>arctissimo</strong></span> <span class='ocrx_word' id='word_1_212' title='bbox 508 2827 627 2886; x_wconf 87' lang='lat' dir='ltr'><strong>foedere</strong></span> <span class='ocrx_word' id='word_1_213' title='bbox 648 2828 836 2886; x_wconf 88' lang='lat' dir='ltr'><strong>coniunctum</strong></span> <span class='ocrx_word' id='word_1_214' title='bbox 856 2833 961 2886; x_wconf 89' lang='lat' dir='ltr'><strong>nactus</strong></span> <span class='ocrx_word' id='word_1_215' title='bbox 978 2833 1049 2887; x_wconf 89' lang='lat' dir='ltr'><strong>erat.</strong></span> <span class='ocrx_word' id='word_1_216' title='bbox 1081 2827 1281 2888; x_wconf 83' lang='lat' dir='ltr'><strong>Constitutum</strong></span> <span class='ocrx_word' id='word_1_217' title='bbox 1297 2832 1344 2886; x_wconf 89' lang='lat' dir='ltr'><strong>est</strong></span> 
     </span>
    </p>
   </div>
   <div class='ocr_carea' id='block_1_4' title="bbox 220 2928 1342 3414">
    <p class='ocr_par' dir='ltr' id='par_1_5' title="bbox 220 2928 1342 3414">
     <span class='ocr_line' id='line_1_26' title="bbox 222 2928 1341 3006; baseline -0.002 -18"><span class='ocrx_word' id='word_1_218' title='bbox 222 2931 312 2988; x_wconf 88' lang='lat' dir='ltr'><strong>etiam</strong></span> <span class='ocrx_word' id='word_1_219' title='bbox 336 2929 556 2987; x_wconf 88' lang='lat' dir='ltr'><strong>matrimonium</strong></span> <span class='ocrx_word' id='word_1_220' title='bbox 582 2928 658 2986; x_wconf 88' lang='lat' dir='ltr'><strong>inter</strong></span> <span class='ocrx_word' id='word_1_221' title='bbox 684 2935 824 3006; x_wconf 89' lang='lat' dir='ltr'><strong>nepotem</strong></span> <span class='ocrx_word' id='word_1_222' title='bbox 850 2929 990 2988; x_wconf 89' lang='lat' dir='ltr'><strong>Richardi</strong></span> <span class='ocrx_word' id='word_1_223' title='bbox 1017 2935 1047 2988; x_wconf 90' lang='lat' dir='ltr'><strong>et</strong></span> <span class='ocrx_word' id='word_1_224' title='bbox 1072 2929 1164 2988; x_wconf 90' lang='lat' dir='ltr'><strong>filiam</strong></span> <span class='ocrx_word' id='word_1_225' title='bbox 1187 2928 1341 2988; x_wconf 89' lang='lat' dir='ltr'><strong>Tancredi.</strong></span> 
     </span>
     <span class='ocr_line' id='line_1_27' title="bbox 222 3030 1342 3108; baseline -0.003 -17"><span class='ocrx_word' id='word_1_226' title='bbox 222 3030 332 3091; x_wconf 82' lang='lat' dir='ltr'><strong>Contra</strong></span> <span class='ocrx_word' id='word_1_227' title='bbox 346 3030 505 3108; x_wconf 89' lang='lat' dir='ltr'><strong>Philippus</strong></span> <span class='ocrx_word' id='word_1_228' title='bbox 525 3047 576 3088; x_wconf 87' lang='lat' dir='ltr'><strong>rex</strong></span> <span class='ocrx_word' id='word_1_229' title='bbox 595 3047 715 3089; x_wconf 84' lang='lat' dir='ltr'><strong>uxorem</strong></span> <span class='ocrx_word' id='word_1_230' title='bbox 731 3031 838 3090; x_wconf 87' lang='lat' dir='ltr'><strong>ducere</strong></span> <span class='ocrx_word' id='word_1_231' title='bbox 858 3051 946 3090; x_wconf 90' lang='lat' dir='ltr'><strong>unam</strong></span> <span class='ocrx_word' id='word_1_232' title='bbox 962 3031 1103 3103; x_wconf 92' lang='lat' dir='ltr'><strong>filiarum,</strong></span> <span class='ocrx_word' id='word_1_233' title='bbox 1127 3049 1163 3090; x_wconf 90' lang='lat' dir='ltr'><strong>ne</strong></span> <span class='ocrx_word' id='word_1_234' title='bbox 1180 3031 1342 3090; x_wconf 88' lang='lat' dir='ltr'><strong>offenderet</strong></span> 
     </span>
     <span class='ocr_line' id='line_1_28' title="bbox 220 3111 1337 3220; baseline -0.002 -29"><span class='ocrx_word' id='word_1_235' title='bbox 220 3134 444 3210; x_wconf 89' lang='lat' dir='ltr'><strong>imperatorem,</strong></span> <span class='ocrx_word' id='word_1_236' title='bbox 469 3130 620 3190; x_wconf 88' lang='lat' dir='ltr'><strong>Tancredo</strong></span> <span class='ocrx_word' id='word_1_237' title='bbox 644 3111 757 3208; x_wconf 86' lang='lat' dir='ltr'><strong>petenti</strong></span> <span class='ocrx_word' id='word_1_238' title='bbox 779 3137 978 3220; x_wconf 82' lang='lat' dir='ltr'><strong>recusaverat.</strong></span> <span class='ocrx_word' id='word_1_239' title='bbox 1016 3133 1071 3191; x_wconf 89' lang='lat' dir='ltr'><strong>Die</strong></span> <span class='ocrx_word' id='word_1_240' title='bbox 1089 3135 1138 3192; x_wconf 87' lang='lat'><strong>30.</strong></span> <span class='ocrx_word' id='word_1_241' title='bbox 1155 3137 1240 3192; x_wconf 88' lang='lat' dir='ltr'><strong>mart.</strong></span> <span class='ocrx_word' id='word_1_242' title='bbox 1261 3133 1337 3190; x_wconf 81' lang='grc'><strong>1191</strong></span> 
     </span>
     <span class='ocr_line' id='line_1_29' title="bbox 220 3233 1340 3310; baseline -0.001 -18"><span class='ocrx_word' id='word_1_243' title='bbox 220 3234 379 3310; x_wconf 91' lang='lat' dir='ltr'><strong>Philippus</strong></span> <span class='ocrx_word' id='word_1_244' title='bbox 402 3252 454 3292; x_wconf 85' lang='lat' dir='ltr'><strong>rex</strong></span> <span class='ocrx_word' id='word_1_245' title='bbox 476 3234 543 3292; x_wconf 84' lang='lat' dir='ltr'><strong>vela</strong></span> <span class='ocrx_word' id='word_1_246' title='bbox 565 3234 594 3290; x_wconf 91' lang='lat' dir='ltr'><strong>in</strong></span> <span class='ocrx_word' id='word_1_247' title='bbox 616 3233 708 3292; x_wconf 89' lang='lat' dir='ltr'><strong>altum</strong></span> <span class='ocrx_word' id='word_1_248' title='bbox 729 3235 825 3306; x_wconf 88' lang='lat' dir='ltr'><strong>dedit,</strong></span> <span class='ocrx_word' id='word_1_249' title='bbox 849 3236 948 3294; x_wconf 81' lang='lat' dir='ltr'><strong>Aceon</strong></span> <span class='ocrx_word' id='word_1_250' title='bbox 965 3236 1166 3310; x_wconf 87' lang='lat' dir='ltr'><strong>protecturus,</strong></span> <span class='ocrx_word' id='word_1_251' title='bbox 1189 3251 1275 3310; x_wconf 91' lang='lat' dir='ltr'><strong>quem</strong></span> <span class='ocrx_word' id='word_1_252' title='bbox 1290 3233 1340 3292; x_wconf 89' lang='lat' dir='ltr'><strong>Ri-</strong></span> 
     </span>
     <span class='ocr_line' id='line_1_30' title="bbox 221 3331 820 3414; baseline 0 -20"><span class='ocrx_word' id='word_1_253' title='bbox 221 3336 348 3395; x_wconf 90' lang='lat' dir='ltr'><strong>chardus</strong></span> <span class='ocrx_word' id='word_1_254' title='bbox 365 3336 392 3393; x_wconf 93' lang='lat' dir='ltr'><strong>d.</strong></span> <span class='ocrx_word' id='word_1_255' title='bbox 412 3338 458 3394; x_wconf 90' lang='lat'><strong>10.</strong></span> <span class='ocrx_word' id='word_1_256' title='bbox 475 3335 561 3410; x_wconf 91' lang='lat' dir='ltr'><strong>april.</strong></span> <span class='ocrx_word' id='word_1_257' title='bbox 580 3341 699 3394; x_wconf 90' lang='lat' dir='ltr'><strong>secutus</strong></span> <span class='ocrx_word' id='word_1_258' title='bbox 716 3341 770 3396; x_wconf 88' lang='lat' dir='ltr'><strong>est.</strong></span> <span class='ocrx_word' id='word_1_259' title='bbox 781 3331 820 3414; x_wconf 79' lang='lat'><strong>⁸⁹)</strong></span> 
     </span>
    </p>
   </div>
   <div class='ocr_carea' id='block_1_5' title="bbox 217 3504 1339 4324">
    <p class='ocr_par' dir='ltr' id='par_1_6' title="bbox 218 3504 1339 3794">
     <span class='ocr_line' id='line_1_31' title="bbox 219 3504 1339 3564; baseline -0.002 -14"><span class='ocrx_word' id='word_1_260' title='bbox 219 3507 276 3550; x_wconf 93' lang='lat' dir='ltr'><strong>toris</strong></span> <span class='ocrx_word' id='word_1_261' title='bbox 293 3506 346 3551; x_wconf 89' lang='lat' dir='ltr'><strong>Otto</strong></span> <span class='ocrx_word' id='word_1_262' title='bbox 364 3506 403 3563; x_wconf 91' lang='lat' dir='ltr'><strong>qui</strong></span> <span class='ocrx_word' id='word_1_263' title='bbox 419 3507 442 3548; x_wconf 90' lang='grc'><strong>11</strong></span> <span class='ocrx_word' id='word_1_264' title='bbox 455 3504 574 3548; x_wconf 81' lang='lat' dir='ltr'><strong>Cunradus</strong></span> <span class='ocrx_word' id='word_1_265' title='bbox 592 3504 638 3548; x_wconf 85' lang='lat' dir='ltr'><strong>dux</strong></span> <span class='ocrx_word' id='word_1_266' title='bbox 655 3505 790 3549; x_wconf 90' lang='lat' dir='ltr'><strong>Boemorum</strong></span> <span class='ocrx_word' id='word_1_267' title='bbox 807 3507 829 3548; x_wconf 90' lang='lat' dir='ltr'><strong>et</strong></span> <span class='ocrx_word' id='word_1_268' title='bbox 847 3505 875 3549; x_wconf 89' lang='lat' dir='ltr'><strong>H.</strong></span> <span class='ocrx_word' id='word_1_269' title='bbox 892 3505 962 3549; x_wconf 86' lang='lat' dir='ltr'><strong>frater</strong></span> <span class='ocrx_word' id='word_1_270' title='bbox 979 3505 1086 3564; x_wconf 92' lang='lat' dir='ltr'><strong>Liupoldi</strong></span> <span class='ocrx_word' id='word_1_271' title='bbox 1103 3507 1167 3551; x_wconf 90' lang='lat' dir='ltr'><strong>ducis</strong></span> <span class='ocrx_word' id='word_1_272' title='bbox 1184 3506 1288 3550; x_wconf 83' lang='lat' dir='ltr'><strong>Austriae</strong></span> <span class='ocrx_word' id='word_1_273' title='bbox 1305 3518 1339 3548; x_wconf 88' lang='lat' dir='ltr'><strong>as-</strong></span> 
     </span>
     <span class='ocr_line' id='line_1_32' title="bbox 219 3579 1339 3640; baseline -0.004 -13"><span class='ocrx_word' id='word_1_274' title='bbox 219 3585 310 3640; x_wconf 89' lang='lat' dir='ltr'><strong>sumpto</strong></span> <span class='ocrx_word' id='word_1_275' title='bbox 324 3582 387 3638; x_wconf 90' lang='lat' dir='ltr'><strong>signo</strong></span> <span class='ocrx_word' id='word_1_276' title='bbox 400 3579 600 3638; x_wconf 85' lang='lat' dir='ltr'><strong>peregrinationis,</strong></span> <span class='ocrx_word' id='word_1_277' title='bbox 619 3581 658 3638; x_wconf 92' lang='lat' dir='ltr'><strong>qui</strong></span> <span class='ocrx_word' id='word_1_278' title='bbox 675 3581 777 3638; x_wconf 90' lang='lat' dir='ltr'><strong>quamvis</strong></span> <span class='ocrx_word' id='word_1_279' title='bbox 793 3595 871 3638; x_wconf 87' lang='lat' dir='ltr'><strong>regum</strong></span> <span class='ocrx_word' id='word_1_280' title='bbox 884 3582 983 3626; x_wconf 89' lang='lat' dir='ltr'><strong>omnium</strong></span> <span class='ocrx_word' id='word_1_281' title='bbox 995 3582 1091 3627; x_wconf 87' lang='lat' dir='ltr'><strong>militare</strong></span> <span class='ocrx_word' id='word_1_282' title='bbox 1103 3584 1281 3640; x_wconf 87' lang='lat' dir='ltr'><strong>proposuerunt,</strong></span> <span class='ocrx_word' id='word_1_283' title='bbox 1300 3581 1339 3624; x_wconf 90' lang='lat' dir='ltr'><strong>do-</strong></span> 
     </span>
     <span class='ocr_line' id='line_1_33' title="bbox 218 3655 1338 3716; baseline -0.002 -14"><span class='ocrx_word' id='word_1_284' title='bbox 218 3659 280 3702; x_wconf 89' lang='lat' dir='ltr'><strong>mino</strong></span> <span class='ocrx_word' id='word_1_285' title='bbox 292 3660 368 3702; x_wconf 88' lang='lat' dir='ltr'><strong>tamen</strong></span> <span class='ocrx_word' id='word_1_286' title='bbox 381 3669 421 3701; x_wconf 92' lang='lat' dir='ltr'><strong>suo</strong></span> <span class='ocrx_word' id='word_1_287' title='bbox 435 3655 499 3700; x_wconf 84' lang='lat' dir='ltr'><strong>Rom.</strong></span> <span class='ocrx_word' id='word_1_288' title='bbox 513 3656 559 3712; x_wconf 87' lang='lat' dir='ltr'><strong>regi</strong></span> <span class='ocrx_word' id='word_1_289' title='bbox 572 3659 652 3700; x_wconf 87' lang='lat' dir='ltr'><strong>contra</strong></span> <span class='ocrx_word' id='word_1_290' title='bbox 663 3657 742 3702; x_wconf 87' lang='lat' dir='ltr'><strong>hostes</strong></span> <span class='ocrx_word' id='word_1_291' title='bbox 754 3658 842 3716; x_wconf 87' lang='lat' dir='ltr'><strong>imperii</strong></span> <span class='ocrx_word' id='word_1_292' title='bbox 854 3672 915 3703; x_wconf 89' lang='lat' dir='ltr'><strong>arma</strong></span> <span class='ocrx_word' id='word_1_293' title='bbox 926 3657 1040 3712; x_wconf 79' lang='lat' dir='ltr'><strong>terebant,</strong></span> <span class='ocrx_word' id='word_1_294' title='bbox 1060 3659 1091 3703; x_wconf 85' lang='lat' dir='ltr'><strong>ite</strong></span> <span class='ocrx_word' id='word_1_295' title='bbox 1103 3657 1221 3711; x_wconf 88' lang='lat' dir='ltr'><strong>videlicet,</strong></span> <span class='ocrx_word' id='word_1_296' title='bbox 1235 3659 1261 3701; x_wconf 86' lang='lat' dir='ltr'><strong>ut</strong></span> <span class='ocrx_word' id='word_1_297' title='bbox 1272 3671 1285 3702; x_wconf 88' lang='lat' dir='ltr'><strong>a</strong></span> <span class='ocrx_word' id='word_1_298' title='bbox 1298 3670 1338 3701; x_wconf 92' lang='lat' dir='ltr'><strong>suo</strong></span> 
     </span>
     <span class='ocr_line' id='line_1_34' title="bbox 218 3733 675 3794; baseline 0 -16"><span class='ocrx_word' id='word_1_299' title='bbox 218 3735 335 3794; x_wconf 86' lang='lat' dir='ltr'><strong>proposito</strong></span> <span class='ocrx_word' id='word_1_300' title='bbox 348 3733 452 3778; x_wconf 85' lang='lat' dir='ltr'><strong>recedere</strong></span> <span class='ocrx_word' id='word_1_301' title='bbox 465 3746 511 3776; x_wconf 91' lang='lat' dir='ltr'><strong>non</strong></span> <span class='ocrx_word' id='word_1_302' title='bbox 524 3733 675 3778; x_wconf 86' lang='lat' dir='ltr'><strong>intenderent.</strong></span> 
     </span>
    </p>

    <p class='ocr_par' dir='ltr' id='par_1_7' title="bbox 217 3803 1338 4324">
     <span class='ocr_line' id='line_1_35' title="bbox 287 3803 1338 3865; baseline -0.002 -11"><span class='ocrx_word' id='word_1_303' title='bbox 287 3803 321 3865; x_wconf 82' lang='lat'><strong>89)</strong></span> <span class='ocrx_word' id='word_1_304' title='bbox 339 3809 404 3854; x_wconf 89' lang='lat' dir='ltr'><strong>Duae</strong></span> <span class='ocrx_word' id='word_1_305' title='bbox 416 3809 542 3852; x_wconf 87' lang='lat' dir='ltr'><strong>contrariae</strong></span> <span class='ocrx_word' id='word_1_306' title='bbox 555 3809 582 3852; x_wconf 86' lang='grc'><strong>(11</strong></span> <span class='ocrx_word' id='word_1_307' title='bbox 595 3809 703 3854; x_wconf 88' lang='lat' dir='ltr'><strong>Richardi</strong></span> <span class='ocrx_word' id='word_1_308' title='bbox 719 3810 821 3855; x_wconf 87' lang='lat' dir='ltr'><strong>consiliis</strong></span> <span class='ocrx_word' id='word_1_309' title='bbox 838 3809 992 3855; x_wconf 84' lang='lat' dir='ltr'><strong>defenduntur</strong></span> <span class='ocrx_word' id='word_1_310' title='bbox 1009 3810 1142 3854; x_wconf 89' lang='lat' dir='ltr'><strong>sententiae.</strong></span> <span class='ocrx_word' id='word_1_311' title='bbox 1167 3808 1266 3864; x_wconf 83' lang='lat' dir='ltr'><strong>Quarum</strong></span> <span class='ocrx_word' id='word_1_312' title='bbox 1283 3809 1338 3854; x_wconf 86' lang='lat' dir='ltr'><strong>alte·</strong></span> 
     </span>
     <span class='ocr_line' id='line_1_36' title="bbox 218 3881 1338 3944; baseline -0.002 -14"><span class='ocrx_word' id='word_1_313' title='bbox 218 3901 265 3930; x_wconf 87' lang='lat' dir='ltr'><strong>ram</strong></span> <span class='ocrx_word' id='word_1_314' title='bbox 278 3886 304 3930; x_wconf 86' lang='grc'><strong>0.</strong></span> <span class='ocrx_word' id='word_1_315' title='bbox 317 3885 411 3930; x_wconf 81' lang='lat' dir='ltr'><strong>Ahelius</strong></span> <span class='ocrx_word' id='word_1_316' title='bbox 425 3881 475 3940; x_wconf 86' lang='lat' dir='ltr'><strong>(Kg.</strong></span> <span class='ocrx_word' id='word_1_317' title='bbox 489 3883 589 3942; x_wconf 87' lang='lat' dir='ltr'><strong>Philipp)</strong></span> <span class='ocrx_word' id='word_1_318' title='bbox 602 3885 698 3942; x_wconf 83' lang='lat' dir='ltr'><strong>protulit</strong></span> <span class='ocrx_word' id='word_1_319' title='bbox 710 3887 749 3944; x_wconf 89' lang='lat' dir='ltr'><strong>qui</strong></span> <span class='ocrx_word' id='word_1_320' title='bbox 761 3885 900 3930; x_wconf 89' lang='lat' dir='ltr'><strong>Richardum</strong></span> <span class='ocrx_word' id='word_1_321' title='bbox 916 3888 976 3930; x_wconf 87' lang='lat' dir='ltr'><strong>arcte</strong></span> <span class='ocrx_word' id='word_1_322' title='bbox 994 3886 1139 3929; x_wconf 90' lang='lat' dir='ltr'><strong>coniunctum</strong></span> <span class='ocrx_word' id='word_1_323' title='bbox 1151 3885 1222 3930; x_wconf 86' lang='lat' dir='ltr'><strong>luisse</strong></span> <span class='ocrx_word' id='word_1_324' title='bbox 1235 3884 1338 3929; x_wconf 81' lang='grc'><strong>11111111-</strong></span> 
     </span>
     <span class='ocr_line' id='line_1_37' title="bbox 219 3960 1337 4020; baseline -0.003 -12"><span class='ocrx_word' id='word_1_325' title='bbox 219 3963 291 4008; x_wconf 90' lang='lat' dir='ltr'><strong>stibus</strong></span> <span class='ocrx_word' id='word_1_326' title='bbox 303 3961 396 4006; x_wconf 90' lang='lat' dir='ltr'><strong>Henrici</strong></span> <span class='ocrx_word' id='word_1_327' title='bbox 408 3960 439 4004; x_wconf 88' lang='lat' dir='ltr'><strong>Vl</strong></span> <span class='ocrx_word' id='word_1_328' title='bbox 456 3974 497 4018; x_wconf 94' lang='lat' dir='ltr'><strong>pro</strong></span> <span class='ocrx_word' id='word_1_329' title='bbox 515 3963 576 4004; x_wconf 88' lang='lat' dir='ltr'><strong>certo</strong></span> <span class='ocrx_word' id='word_1_330' title='bbox 589 3960 668 4015; x_wconf 86' lang='lat' dir='ltr'><strong>hehet;</strong></span> <span class='ocrx_word' id='word_1_331' title='bbox 687 3962 758 4006; x_wconf 88' lang='grc'><strong>111111</strong></span> <span class='ocrx_word' id='word_1_332' title='bbox 773 3963 883 4020; x_wconf 87' lang='lat' dir='ltr'><strong>probatur</strong></span> <span class='ocrx_word' id='word_1_333' title='bbox 894 3963 918 4006; x_wconf 90' lang='lat' dir='ltr'><strong>in</strong></span> <span class='ocrx_word' id='word_1_334' title='bbox 930 3961 1101 4015; x_wconf 84' lang='lat' dir='ltr'><strong>dissertatione,</strong></span> <span class='ocrx_word' id='word_1_335' title='bbox 1120 3975 1188 4019; x_wconf 89' lang='lat' dir='ltr'><strong>quam</strong></span> <span class='ocrx_word' id='word_1_336' title='bbox 1199 3976 1272 4020; x_wconf 91' lang='lat' dir='ltr'><strong>nuper</strong></span> <span class='ocrx_word' id='word_1_337' title='bbox 1284 3961 1337 4005; x_wconf 91' lang='lat' dir='ltr'><strong>scri-</strong></span> 
     </span>
     <span class='ocr_line' id='line_1_38' title="bbox 217 4035 1338 4096; baseline -0.001 -13"><span class='ocrx_word' id='word_1_338' title='bbox 217 4039 265 4096; x_wconf 85' lang='lat' dir='ltr'><strong>psit</strong></span> <span class='ocrx_word' id='word_1_339' title='bbox 280 4037 445 4094; x_wconf 82' lang='lat' dir='ltr'><strong>Lohmeyerns:</strong></span> <span class='ocrx_word' id='word_1_340' title='bbox 467 4035 845 4094; x_wconf 62' lang='grc'><strong>1,1)111111111111111111111111111,</strong></span> <span class='ocrx_word' id='word_1_341' title='bbox 867 4051 918 4082; x_wconf 92' lang='lat' dir='ltr'><strong>cum</strong></span> <span class='ocrx_word' id='word_1_342' title='bbox 934 4038 958 4081; x_wconf 89' lang='lat' dir='ltr'><strong>in</strong></span> <span class='ocrx_word' id='word_1_343' title='bbox 975 4037 1054 4082; x_wconf 83' lang='lat' dir='ltr'><strong>Sicilia</strong></span> <span class='ocrx_word' id='word_1_344' title='bbox 1070 4041 1233 4093; x_wconf 86' lang='lat' dir='ltr'><strong>commorante,</strong></span> <span class='ocrx_word' id='word_1_345' title='bbox 1250 4041 1299 4082; x_wconf 89' lang='lat' dir='ltr'><strong>tum</strong></span> <span class='ocrx_word' id='word_1_346' title='bbox 1313 4037 1338 4082; x_wconf 91' lang='lat' dir='ltr'><strong>in</strong></span> 
     </span>
     <span class='ocr_line' id='line_1_39' title="bbox 219 4107 1337 4171; baseline -0.002 -12"><span class='ocrx_word' id='word_1_347' title='bbox 219 4115 338 4159; x_wconf 88' lang='lat' dir='ltr'><strong>Germania</strong></span> <span class='ocrx_word' id='word_1_348' title='bbox 347 4110 464 4157; x_wconf 81' lang='lat' dir='ltr'><strong>detento“.</strong></span> <span class='ocrx_word' id='word_1_349' title='bbox 478 4112 606 4169; x_wconf 89' lang='lat' dir='ltr'><strong>Regimonti</strong></span> <span class='ocrx_word' id='word_1_350' title='bbox 618 4113 654 4158; x_wconf 93' lang='lat' dir='ltr'><strong>Pr.</strong></span> <span class='ocrx_word' id='word_1_351' title='bbox 662 4114 718 4158; x_wconf 81' lang='lat'>857.</span> <span class='ocrx_word' id='word_1_352' title='bbox 733 4107 767 4158; x_wconf 86' lang='lat'><strong>8⁰.</strong></span> <span class='ocrx_word' id='word_1_353' title='bbox 781 4114 821 4171; x_wconf 89' lang='lat' dir='ltr'><strong>qui</strong></span> <span class='ocrx_word' id='word_1_354' title='bbox 832 4113 969 4157; x_wconf 88' lang='lat' dir='ltr'><strong>Richardum</strong></span> <span class='ocrx_word' id='word_1_355' title='bbox 980 4113 1071 4158; x_wconf 87' lang='lat' dir='ltr'><strong>Henrici</strong></span> <span class='ocrx_word' id='word_1_356' title='bbox 1080 4113 1179 4158; x_wconf 88' lang='lat' dir='ltr'><strong>hostium</strong></span> <span class='ocrx_word' id='word_1_357' title='bbox 1192 4115 1337 4160; x_wconf 91' lang='lat' dir='ltr'><strong>consiliorum</strong></span> 
     </span>
     <span class='ocr_line' id='line_1_40' title="bbox 217 4188 1338 4248; baseline -0.004 -12"><span class='ocrx_word' id='word_1_358' title='bbox 217 4191 350 4248; x_wconf 85' lang='lat' dir='ltr'><strong>participem</strong></span> <span class='ocrx_word' id='word_1_359' title='bbox 362 4189 433 4233; x_wconf 84' lang='lat' dir='ltr'><strong>luisse</strong></span> <span class='ocrx_word' id='word_1_360' title='bbox 446 4203 539 4246; x_wconf 89' lang='lat' dir='ltr'><strong>prorsus</strong></span> <span class='ocrx_word' id='word_1_361' title='bbox 552 4194 626 4246; x_wconf 85' lang='lat' dir='ltr'><strong>nogat.</strong></span> <span class='ocrx_word' id='word_1_362' title='bbox 645 4190 716 4235; x_wconf 89' lang='lat' dir='ltr'><strong>Nobis</strong></span> <span class='ocrx_word' id='word_1_363' title='bbox 734 4191 823 4248; x_wconf 85' lang='lat' dir='ltr'><strong>quidem</strong></span> <span class='ocrx_word' id='word_1_364' title='bbox 841 4189 884 4234; x_wconf 87' lang='lat' dir='ltr'><strong>hoc</strong></span> <span class='ocrx_word' id='word_1_365' title='bbox 899 4189 949 4234; x_wconf 91' lang='lat' dir='ltr'><strong>loco</strong></span> <span class='ocrx_word' id='word_1_366' title='bbox 967 4203 1040 4248; x_wconf 89' lang='lat' dir='ltr'><strong>neque</strong></span> <span class='ocrx_word' id='word_1_367' title='bbox 1057 4191 1085 4235; x_wconf 89' lang='lat' dir='ltr'><strong>de</strong></span> <span class='ocrx_word' id='word_1_368' title='bbox 1098 4189 1210 4235; x_wconf 81' lang='lat' dir='ltr'><strong>Richardo</strong></span> <span class='ocrx_word' id='word_1_369' title='bbox 1223 4190 1246 4232; x_wconf 89' lang='lat' dir='ltr'><strong>in</strong></span> <span class='ocrx_word' id='word_1_370' title='bbox 1260 4188 1338 4233; x_wconf 86' lang='lat' dir='ltr'><strong>Sicilia</strong></span> 
     </span>
     <span class='ocr_line' id='line_1_41' title="bbox 218 4247 1336 4324; baseline -0.005 -12"><span class='ocrx_word' id='word_1_371' title='bbox 218 4270 369 4312; x_wconf 83' lang='lat' dir='ltr'><strong>commorante</strong></span> <span class='ocrx_word' id='word_1_372' title='bbox 383 4267 457 4310; x_wconf 84' lang='lat' dir='ltr'><strong>allatis</strong></span> <span class='ocrx_word' id='word_1_373' title='bbox 471 4270 493 4310; x_wconf 91' lang='lat' dir='ltr'><strong>et</strong></span> <span class='ocrx_word' id='word_1_374' title='bbox 506 4268 615 4324; x_wconf 83' lang='lat' dir='ltr'><strong>expositis</strong></span> <span class='ocrx_word' id='word_1_375' title='bbox 628 4268 762 4324; x_wconf 82' lang='lat' dir='ltr'><strong>scriptorum</strong></span> <span class='ocrx_word' id='word_1_376' title='bbox 781 4247 916 4311; x_wconf 82' lang='lat' dir='ltr'><strong>testimoniis</strong></span> <span class='ocrx_word' id='word_1_377' title='bbox 934 4267 1056 4318; x_wconf 84' lang='lat' dir='ltr'><strong>disserere,</strong></span> <span class='ocrx_word' id='word_1_378' title='bbox 1076 4279 1149 4322; x_wconf 87' lang='lat' dir='ltr'><strong>neque</strong></span> <span class='ocrx_word' id='word_1_379' title='bbox 1167 4265 1194 4308; x_wconf 90' lang='lat' dir='ltr'><strong>de</strong></span> <span class='ocrx_word' id='word_1_380' title='bbox 1207 4265 1257 4308; x_wconf 87' lang='lat' dir='ltr'><strong>aliis</strong></span> <span class='ocrx_word' id='word_1_381' title='bbox 1269 4263 1336 4307; x_wconf 87' lang='lat' dir='ltr'><strong>rebus</strong></span> 
     </span>
    </p>
   </div>
   <div class='ocr_carea' id='block_1_6' title="bbox 0 0 1528 4944">
    <p class='ocr_par' dir='ltr' id='par_1_8' title="bbox 0 0 1528 4944">
     <span class='ocr_line' id='line_1_42' title="bbox 0 0 1528 4944; baseline 0 4"><span class='ocrx_word' id='word_1_382' title='bbox 0 0 1528 4944; x_wconf 95' lang='lat' dir='ltr'><strong> </strong></span> 
     </span>
    </p>
   </div>
  </div>
 </body>
</html>
