3048 4944
666 887 803 963 olPUr
830 887 888 962 ΠΙ.

249 1025 293 1086 De
313 1025 409 1102 prima
429 1024 552 1086 Henrici
573 1025 617 1086 VI
639 1024 824 1101 expeditione
844 1023 951 1084 Italics
972 1023 1093 1102 eiusque
1114 1024 1305 1086 coronatione

704 1127 848 1186 Romane.

217 1263 344 1358 Mense
359 1298 435 1357 Iulio
453 1317 479 1356 a.
501 1299 580 1356 1190
598 1316 655 1376 pax
672 1297 747 1357 inter
759 1297 917 1357 Henricum
935 1315 1035 1374 regem
1052 1303 1081 1358 ct
1092 1297 1252 1357 Henricum
1265 1297 1338 1357 Leo·

216 1383 283 1460 nem
301 1397 414 1460 Fuldee
429 1399 508 1458 facta
524 1395 620 1471 esti-⁹)
637 1399 766 1475 Uterque
782 1399 892 1458 bellum
909 1397 992 1458 finire
1008 1399 1177 1476 cupiverat:
1193 1399 1339 1460 Henrieus

215 1501 285 1574 Leo,
302 1502 372 1578 quia
382 1501 467 1560 initio
480 1519 506 1559 a.
520 1503 600 1560 1190
610 1501 765 1560 infeliciter
778 1517 925 1577 pugnans,
942 1507 1055 1577 partem
1068 1502 1227 1578 tranquille
1239 1507 1339 1561 tenere

216 1603 347 1662 malebat
363 1620 449 1679 quam
467 1603 637 1661 continuato
654 1601 732 1662 bello
754 1603 882 1661 sortasse
898 1602 997 1662 omnia
1017 1603 1167 1674 amittere,
1189 1608 1219 1662 et
1233 1603 1339 1662 Hemi-

216 1697 268 1764 cus
289 1723 354 1775 rex,
378 1705 447 1780 quia
463 1721 625 1782 properare
641 1705 720 1764 omni
734 1705 821 1763 modo
835 1703 1053 1780 expeditionem
1065 1703 1199 1764 Italicam
1216 1723 1339 1781 magna·

216 1824 287 1884 pere
315 1807 462 1867 studebat.
499 1805 607 1867 Leonis
634 1805 687 1865 lilii
720 1806 863 1868 Henricus
890 1811 919 1866 et
945 1805 1103 1866 Lotbarius
1134 1807 1255 1866 obsides
1275 1808 1340 1884 regi

217 1907 278 1968 dati
294 1914 376 1979 sunt,
392 1927 517 1986 quorum
533 1910 621 1983 alter,
643 1909 817 1982 LethariuS,
839 1915 909 1968 natu
924 1909 1034 1980 minor,
1051 1909 1216 1986 Augustam
1230 1909 1339 1968 Vinde-

218 2010 341 2070 licorum
357 2011 478 2082 ductus,
497 2011 578 2071 brevi
597 2017 679 2088 post,
696 2029 790 2070 mens.
807 2030 874 2088 erig.
895 2013 989 2082 1181,
1007 2017 1040 2070 ut
1055 2011 1133 2069 lama
1148 2019 1208 2083 est,
1225 2029 1339 2071 veneno

217 2118 352 2192 mortuus
368 2109 471 2186 est.⁶⁰)
501 2113 601 2185 Alter,
625 2113 785 2188 Henricue,
804 2131 905 2188 regem
922 2129 987 2171 cum
1004 2113 1218 2188 quinquaginta
1234 2112 1339 2188 equiti-

217 2213 274 2272 bus
290 2213 320 2272 in
336 2212 453 2272 ltaliam
470 2215 626 2274 comitatus
643 2219 698 2274 est.

283 2313 378 2390 Quum
400 2315 448 2375 dic
470 2317 547 2376 festo
569 2315 598 2376 S.
616 2315 769 2376 Michaelis
795 2319 874 2376 1190
898 2315 1089 2376 convenisset
1111 2317 1257 2376 exercitus
1280 2315 1340 2376 rtu-

219 2422 337 2493 gustam
360 2415 595 2490 Vindelicorum,
623 2423 655 2478 ut
681 2419 709 2478 iu
732 2417 851 2478 Italiam
877 2418 1130 2496 proficisceretur,
1158 2417 1277 2478 nuntius
1304 2417 1341 2478 de

219 2524 314 2578 morte
329 2518 473 2579 Friderici
493 2519 682 2598 imperatoris
702 2521 810 2580 allatus
827 2525 887 2592 est,
908 2520 958 2596 qui
973 2521 1032 2579 iam
1050 2521 1077 2580 el.
1099 2525 1144 2580 10.
1161 2519 1234 2579 iunii
1251 2520 1340 2578 vitem

220 2621 382 2698 gloriosam
402 2622 524 2681 fortuita
545 2627 638 2682 morte
659 2617 852 2696 univeraeffl)
878 2622 992 2682 Deinde
1007 2641 1058 2682 rex
1078 2623 1228 2700 proiectus
1245 2626 1292 2682 est
1310 2627 1343 2680 ut

219 2723 359 2800 Apuliam
372 2727 532 2800 occuparet
544 2729 574 2784 et
584 2724 695 2784 Romae
707 2724 869 2800 imperator
881 2730 1081 2784 coronaretur.
1108 2721 1256 2782 Attamen
1268 2741 1342 2800 non,

220 2831 255 2882 nt
277 2820 381 2883 adbuc
405 2843 508 2884 oncnee
528 2831 699 2906 periurant,
720 2821 792 2904 fait
811 2823 904 2905 prior
926 2823 1131 2905 capeditr'onie
1156 2843 1285 2899 canona,
1308 2832 1343 2883 at

221 2935 390 3008 occuparet
422 2945 552 3008 repnane
585 2921 860 2996 Normannorunc,
898 2924 954 2986 sed
984 2924 1048 2984 iam
1081 2925 1150 2985 uico
1188 2920 1342 2988 Guilelmo

219 3047 291 3111 repe
318 3026 544 3110 expeditionem
566 3027 600 3088 in
622 3025 752 3088 Italiam
771 3036 947 3108 paracerat
968 3023 1142 3099 Heminae,
1166 3035 1201 3087 at
1223 3023 1343 3087 Romae

221 3139 436 3191 coronaretur.
489 3127 615 3191 Etenim
636 3127 823 3190 Fridcrieue
855 3129 1027 3210 raeparator
1054 3149 1083 3188 a.
1114 3125 1198 3190 1189
1229 3129 1344 3190 iterum

222 3231 435 3312 quaesiverat,
452 3241 486 3291 nt
498 3253 586 3314 papa
594 3231 702 3312 filiam
713 3229 834 3293 Raucae
850 3239 1029 3306 coronaret,
1046 3237 1076 3291 et
1089 3237 1236 3292 annuente
1253 3251 1342 3310 papa,

224 3333 371 3396 Hernicus
388 3335 506 3394 iamiam
521 3336 645 3395 Romam
660 3337 847 3413 protectums
862 3340 939 3405 erat,
959 3351 1049 3411 quum
1065 3333 1204 3394 Guilelmi
1218 3333 1299 3410 regis
1315 3338 1345 3392 et.

221 3434 365 3496 Friderici
380 3437 568 3514 imperatoris
584 3455 664 3497 mors
680 3455 777 3497 rerum
793 3442 903 3496 statum
918 3441 1054 3496 mutaret.

291 3603 325 3666 ⁵9)
343 3609 456 3656 Henricns
468 3622 482 3654 e
492 3608 528 3654 die
544 3609 572 3654 11
584 3621 657 3667 nequo
669 3610 699 3656 ed
711 3610 733 3656 d.
746 3611 784 3654 15.
795 3609 835 3656 inl.
854 3609 942 3657 Fuldoe
954 3611 1106 3656 commoratus
1118 3611 1161 3654 est.
1174 3632 1207 3640 -
1217 3607 1251 3654 01.
1263 3607 1344 3654 Cobuii

223 3686 353 3732 dissertatio
366 3699 435 3744 snpra
447 3684 508 3730 laud.
523 3685 554 3730 42
567 3698 617 3744 sqq.
631 3687 710 3732 oontm
722 3685 838 3741 Abellam,
855 3685 929 3746 Kdnig
940 3684 1032 3744 Philipp
1046 3685 1103 3730 302.
1120 3708 1153 3715 -
1169 3685 1204 3730 Dc
1215 3685 1278 3744 pacis
1291 3698 1343 3730 con-

224 3761 347 3808 ditionibus
359 3777 381 3808 v.
394 3763 448 3807 Arn.
461 3759 545 3806 Lubcc.
558 3759 597 3806 lv.
611 3761 634 3806 3.
648 3785 681 3792 —
693 3761 762 3806 Falsa
774 3761 879 3807 attulisse
892 3761 978 3806 Bened.
991 3760 1081 3806 Petrob.
1095 3760 1123 3804 ll.
1137 3761 1184 3806 628
1198 3774 1293 3820 eumque
1306 3774 1343 3805 ex·
1396 3789 1399 3796 ·

224 3839 357 3884 scribentem
370 3839 490 3896 bogerium
502 3837 590 3883 Hovcd.
603 3837 767 3883 demonstravit
779 3835 879 3882 Gobnius
892 3837 932 3882 44.

292 3908 325 3970 6⁰)
345 3915 448 3974 Origines
460 3913 575 3961 Gnelliceo
587 3913 638 3958 Vll.
652 3913 708 3960 245.
722 3911 835 3970 (Hannon.
850 3914 915 3960 1700
927 3911 988 3973 sqq.)

291 3984 325 4046 61)
346 3991 484 4038 Testimonia
496 3994 612 4038 unctorum
625 3991 653 4036 de
665 3993 737 4036 morte
749 3991 811 4036 Frid.
822 3992 876 4050 imp.
887 4006 908 4036 v.
919 3991 948 4036 cl.
960 3991 1034 4036 stelin
1043 3990 1159 4036 Wirtemb.
1174 3989 1342 4036 Geschicbtell.

226 4067 273 4111 119
286 4068 333 4111 tum
345 4067 436 4124 copiose
448 4070 471 4112 et
482 4067 572 4114 abunde
584 4067 673 4123 attulit,
692 4070 717 4112 ut
734 4082 761 4112 ee
776 4067 813 4114 hie
830 4070 932 4126 repetere
950 4066 1089 4126 superfluum
1101 4067 1168 4112 esset.
1186 4089 1218 4097 -
1235 4067 1344 4112 Ludovici

226 4141 363 4202 Thuring'me
374 4141 501 4200 landgravii
511 4157 572 4192 mors
584 4145 639 4192 item
649 4157 735 4192 morem
751 4145 812 4190 iecit.
826 4144 854 4190 V.
867 4144 925 4190 God.
939 4143 988 4190 Col.
1002 4143 1060 4189 464.
1074 4165 1107 4174 -
1119 4143 1216 4202 During,
1230 4143 1271 4190 der
1283 4143 1343 4190 Thu-

225 4219 300 4278 ringer
312 4219 413 4264 Chronik
425 4221 481 4265 223.
