3048 4944
643 301 856 368 -15-

189 502 221 558 et
237 511 363 573 maguae
383 500 480 556 terrae
500 495 530 557 iu
546 493 660 570 Apulia
679 493 755 554 sitae
775 487 916 566 eraut.³³)
951 489 1098 552 Guilelme
1113 491 1143 551 II
1157 497 1311 569 regnante,

188 615 315 678 magnus
332 596 555 658 comestabulus
571 602 601 656 et
619 613 745 672 magnus
768 596 860 656 totius
876 595 1004 671 Apuliae
1020 599 1050 654 et
1065 594 1173 654 Terrae
1188 593 1312 656 Laboris

188 701 365 762 iustitiarius
380 701 477 760 luerat
492 704 522 758 et
537 698 664 776 optime,
688 699 848 775 praecipue
869 698 899 756 in
924 713 997 772 pace
1014 697 1147 758 Venetiis
1167 697 1259 768 facta,
1276 697 1313 756 de

188 803 344 880 republica
363 802 486 862 meritus
506 795 623 873 eruce)
659 799 822 876 Utrumque
844 816 914 860 vero
936 817 991 876 spe
1012 803 1135 858 eventus
1159 800 1315 875 superavit

190 903 362 964 Tancredus
378 901 484 966 Comes
500 897 628 974 liciti-³)

276 1005 446 1066 Tencredus
461 1004 517 1064 fuit
531 1003 612 1066 filius
628 1005 736 1064 nothus
752 1003 888 1078 Reguli,
904 1001 1064 1078 RogeriiII
1076 1002 1313 1064 Nermannorum

190 1107 271 1182 regIe
292 1107 344 1166 tilii
365 1112 435 1192 natu
455 1102 633 1178 maximi.³⁶)
662 1106 723 1166 Rex
743 1104 835 1164 filium
856 1105 893 1164 ad
909 1105 1072 1168 Rcbertum
1087 1104 1160 1164 Liuii
1174 1109 1312 1169 ,comitem

192 1210 327 1281 miserat,
355 1225 413 1284 quo
437 1207 536 1268 officia
558 1213 588 1266 et
609 1225 707 1267 mores
731 1207 862 1283 equitum
886 1212 1081 1281 cognesceret
1103 1213 1133 1266 et
1154 1219 1312 1271 exerceret.

191 1309 312 1370 Iuvenis
333 1327 404 1370 vero
425 1327 527 1370 amore
546 1327 619 1383 erga
638 1309 729 1368 filiam
752 1309 869 1368 comitis
890 1308 1032 1368 Biancem
1054 1309 1194 1370 incensus
1217 1318 1265 1372 est
1286 1321 1315 1373 et

194 1454 398 1462 m—-=——

258 1531 379 1578 Praeclare
394 1535 449 1578 sunt
464 1531 505 1578 lile
519 1529 622 1588 Hngonis
638 1531 748 1578 Feluendi
764 1532 789 1576 in
804 1531 945 1590 praefatione
962 1530 1072 1576 historiae
1089 1545 1144 1577 suae
1156 1533 1228 1589 diem,
1247 1549 1314 1594 quem

191 1609 283 1668 scripsit
295 1609 324 1654 ed
337 1609 434 1656 amicum
445 1607 489 1653 hoc
501 1609 551 1668 ipso
564 1611 676 1666 tempore,
695 1611 856 1666 postmortem
869 1607 983 1652 Guilelmi.
1009 1607 1071 1654 Haec
1083 1609 1194 1668 praefatio
1206 1613 1270 1656 tauto
1281 1612 1316 1658 iu-

191 1685 251 1742 genii
263 1685 366 1729 acumine
378 1687 470 1743 temque
482 1685 567 1742 insigni
578 1685 666 1742 patriae
679 1697 753 1728 emere
767 1683 892 1742 praecellit,
905 1686 931 1727 ut
943 1697 1030 1728 summa
1042 1699 1093 1730 cum
1103 1685 1254 1732 delectatione
1267 1701 1316 1732 eam

190 1759 253 1818 legas
266 1759 396 1818 ct-relegas.
423 1761 502 1820 Neque
516 1761 659 1820 aproposito
672 1759 775 1805 aberrare
787 1774 829 1805 nos
841 1761 959 1819 putamus,
979 1761 999 1804 si
1014 1759 1162 1818 praefationis
1179 1766 1267 1821 partem
1278 1763 1315 1808 blo

192 1839 295 1884 citemus.
315 1837 397 1892 „Nunc
410 1837 466 1884 rothi
477 1837 546 1884 velim
558 1838 679 1892 edisseres,
692 1837 799 1894 adquam
811 1835 921 1892 intelligis
933 1835 1001 1881 finem
1014 1850 1062 1882 rem
1072 1839 1097 1882 ln
1108 1841 1173 1884 tanto
1185 1839 1316 1886 discrimine

192 1917 363 1973 perventuram,
381 1927 456 1972 quone
472 1916 540 1972 putas
560 1913 650 1960 Siculos
667 1927 749 1960 usuros
766 1911 878 1958 oonsilio?
900 1911 1010 1958 Utrumne
1031 1928 1106 1972 regem
1126 1915 1170 1962 eibi
1194 1917 1317 1965 creandum

193 1991 323 2036 existiment
335 1993 358 2036 et
370 1990 473 2035 collectis
485 1990 572 2034 vlribus
585 1994 665 2036 contre
676 1991 784 2036 barbaros
799 1990 964 2045 dimIcandum;
978 2005 1007 2035 an
1019 2004 1084 2046 vero,
1097 1992 1130 2035 rei
1142 1991 1281 2048 diffidentia,
1294 1996 1317 2038 et

192 2064 286 2111 inerreb'
301 2061 399 2110 laboris
415 2061 485 2120 odio,
504 2067 602 2124 tempori
618 2067 755 2122 servientes,
777 2065 858 2111 malint
874 2065 993 2124 quodlibet
1009 2065 1089 2111 durum
1107 2067 1223 2114 seruitutis
1239 2070 1317 2126 Iugum

193 2145 320 2202 suscipere,
333 2157 402 2202 quam
413 2143 486 2190 famae
499 2147 523 2188 et
535 2144 640 2202 dignitati
652 2157 707 2189 suee
719 2147 742 2188 et
753 2143 840 2202 patriae
852 2142 952 2188 libertati
964 2143 1100 2189 consulere?
1117 2167 1151 2176 -
1168 2145 1235 2190 Certe
1251 2146 1271 2190 si
1283 2159 1317 2190 re·

194 2234 244 2276 gem
256 2220 300 2266 sibi
311 2233 357 2264 non
369 2219 451 2264 dubiae
462 2221 553 2266 vlrtutis
566 2220 687 2277 elegerint,
708 2231 752 2264 erec
766 2233 782 2262 a
796 2211 951 2264 Obre'etians'e
962 2213 1092 2264 Saraceni
1103 2216 1262 2275 dissentiunt,
1274 2237 1315 2282 pu-

194 2295 248 2339 terIt
264 2309 303 2339 rex
321 2298 410 2340 creatus
428 2296 495 2341 rebus
514 2295 568 2340 licet
585 2297 651 2354 quasi
667 2296 792 2354 desperatis
811 2299 833 2340 et
849 2295 896 2339 iere
916 2295 1012 2353 perditis
1029 2295 1148 2342 subvenite
1169 2301 1192 2342 et
1211 2299 1316 2344 incursus

194 2370 306 2426 hostiurn,
320 2373 340 2417 si
352 2371 476 2430 prudenter
489 2374 567 2430 egerit,
580 2373 721 2432 propulsare.
739 2395 772 2403 —
788 2373 818 2417 nt
829 2384 895 2426 rere,
908 2371 962 2430 qula
973 2369 1067 2416 difficile
1079 2376 1125 2427 est,
1139 2371 1281 2420 ChristIanos
1293 2375 1328 2420 iu·

194 2452 258 2495 tanto
271 2463 346 2496 rerum
357 2450 460 2506 turbine,
473 2450 564 2496 sublato
575 2451 635 2507 regis
646 2451 738 2504 timore,
752 2449 878 2504 Saracenos
890 2459 937 2492 non
949 2448 1087 2506 opprimere,
1101 2450 1120 2494 si
1133 2450 1248 2506 Saraceni,
1259 2452 1317 2496 mul-

194 2526 224 2572 tis
241 2525 333 2574 illorum
348 2527 438 2572 iniuriis
454 2527 554 2584 fatigati,
573 2527 601 2572 ab
619 2528 652 2572 eis
669 2527 784 2585 coeperint
802 2524 913 2590 dissidere
926 2525 1056 2572 etcestelle
1070 2525 1263 2584 fortunatianus,
1280 2528 1317 2574 vel

194 2605 314 2648 montanas
326 2605 464 2648 munitiones
475 2604 644 2662 occupaverint,
657 2605 683 2648 nt
694 2602 747 2648 hinc
760 2616 811 2646 curn
821 2600 968 2646 Theutouicis
981 2616 1068 2647 summa
1079 2603 1109 2647 sit
1120 2603 1204 2648 virturte
1215 2618 1317 2662 pugnan-

195 2677 261 2733 dum,
274 2679 338 2724 illinc
352 2679 517 2726 Saracenorum
529 2678 614 2724 crebris
626 2678 748 2724 insultibus
761 2677 935 2723 occurrendum:
949 2677 1005 2736 quid
1016 2681 1084 2736 putes
1096 2680 1168 2724 acturi
1180 2683 1234 2724 sunt
1246 2679 1318 2726 Siculi

195 2754 254 2799 inter
265 2754 308 2800 bae
321 2756 424 2814 depressi
436 2758 568 2814 angustIas?
596 2756 644 2802 Hoc
657 2757 735 2815 utique
747 2759 814 2812 agent
825 2755 887 2814 quod
899 2757 1034 2812 potnerunt,
1047 2758 1084 2808 ut,
1102 2769 1127 2800 se
1138 2756 1240 2801 barbaris
1251 2757 1318 2802 mise

197 2829 263 2876 rabili
277 2832 407 2878 conditione
420 2833 541 2888 dedentes,
554 2833 578 2878 in
591 2846 669 2878 eorum
681 2847 705 2878 se
718 2833 836 2878 conferant
847 2833 992 2892 potestatem.
1015 2830 1033 2876 Ο
1045 2831 1132 2876 utinam
1143 2831 1217 2890 plebis
1229 2846 1255 2878 eo
1266 2847 1318 2892 pro·

198 2919 273 2951 cerum
287 2907 467 2953 Christianorum
480 2912 503 2954 et
516 2909 680 2954 Saracenorum
692 2910 839 2963 conveniant,
857 2911 883 2953 ut
898 2921 973 2964 regem
990 2905 1033 2954 sibi
1045 2907 1188 2952 concorditer
1200 2908 1317 2968 eligentes,

196 2983 309 3028 inuentus
320 2983 429 3030 barbaros
442 2986 496 3029 totis
508 2985 606 3040 uiribus,
624 2988 673 3030 toto
686 2986 814 3040 conamine,
832 2985 933 3042 totisque
946 2983 1065 3028 desideriis
1081 2985 1213 3042 perturbare
1226 2989 1318 3032 conten-

197 3059 278 3106 dant.“
297 3058 365 3116 (Mur.
380 3061 421 3106 SS.
435 3060 486 3106 Vll.
500 3059 569 3117 256.)
581 3059 610 3106 cf.
624 3062 752 3108 Innocentii
764 3061 803 3106 III.
817 3061 884 3120 epist.
897 3061 933 3106 ed.
945 3060 1030 3106 Beluae
1043 3057 1060 3105 1.
1074 3061 1114 3105 26.

265 3129 299 3193 33)
318 3137 447 3184 demanium
464 3152 529 3184 snum
545 3141 581 3182 est
596 3139 694 3193 Andria,
711 3138 804 3183 feudum
820 3137 917 3184 militum
929 3136 990 3182 XIII.
1007 3139 1031 3181 et
1046 3137 1070 3182 in
1082 3136 1210 3184 Minorbino
1225 3137 1319 3186 ieudunn
1332 3161 1333 3164 ¹

198 3209 295 3257 militum
307 3213 346 3258 IV.
359 3217 382 3258 et
393 3210 421 3258 in‘
430 3215 492 3259 Scio.
506 3214 632 3270 Aruengelo
644 3214 738 3260 ieudum
749 3214 847 3260 militum
858 3213 898 3258 VI.
911 3216 934 3258 et
950 3213 978 3258 de
994 3213 1097 3258 Policore
1113 3213 1205 3260 feudum
1223 3215 1320 3260 militum

198 3285 238 3331 iv.
252 3290 274 3332 et
287 3289 315 3332 de
326 3287 402 3334 Itocca
413 3289 497 3334 milites
508 3289 536 3334 II.
549 3290 572 3334 et
585 3291 613 3335 de
626 3291 749 3336 Golobrara
760 3291 843 3335 milites
854 3289 882 3334 II.
900 3287 1035 3335 Demanium
1046 3287 1130 3334 milites
1142 3287 1221 3335 XXXI.
1235 3293 1257 3335 et
1269 3302 1320 3336 cunr

198 3367 320 3420 augmento
331 3365 415 3411 mitites
427 3361 516 3412 LXXII.
529 3369 552 3412 et
564 3368 688 3414 servientes
701 3367 746 3412 CC.
760 3362 806 3422 (ad
816 3363 883 3422 bom)
901 3365 980 3410 Fenda
997 3363 1094 3410 militum
1110 3366 1138 3410 de
1154 3367 1264 3411 comIIatn
1274 3368 1320 3412 An·

199 3441 262 3486 driae
274 3440 344 3486 XXV.
357 3444 380 3486 et
391 3443 497 3502 meditem.
510 3442 589 3488 Feuda
604 3443 700 3488 militum
714 3443 813 3488 demetrii
831 3446 853 3487 ct
870 3442 956 3488 seruitii
968 3442 1058 3488 XCVII.
1077 3443 1199 3501 catalogus
1210 3443 1321 3488 baronum

200 3515 249 3576 (qui
261 3518 303 3562 sub
316 3519 424 3576 auspiciis
437 3519 543 3564 Guilelmi
559 3519 617 3564 Boni
634 3520 733 3578 expedit.
746 3519 776 3564 ad
792 3522 875 3564 terram
891 3520 970 3563 actam.
988 3518 1031 3563 sibi
1042 3519 1203 3564 vindicandam
1215 3531 1320 3577 suscepe-

199 3592 261 3650 runt)
275 3595 311 3639 etl.
334 3593 378 3640 Del
391 3593 431 3648 Re,
444 3596 538 3640 cronIsti
549 3593 688 3654 NepoIIteni.
702 3591 794 3653 (Nepoli
806 3595 862 3640 845.
877 3587 923 3650 8⁰.)
936 3607 959 3652 p.
973 3595 1029 3640 573.

268 3663 302 3726 34)
320 3669 440 3716 Romuuld.
454 3671 542 3716 Salern.
555 3673 612 3722 217.
631 3670 698 3728 (Mur.
712 3671 754 3718 SS.
767 3667 828 3728 VII.)

269 3741 302 3804 ³⁵)
321 3749 381 3794 Petr.
394 3747 461 3794 Ebul.
474 3749 492 3793 I.
507 3749 537 3794 96
550 3747 586 3794 his
598 3748 673 3794 verbis
686 3749 714 3794 de
725 3749 754 3794 iis
765 3747 863 3794 iudicet:

405 3825 548 3870 Tsncredum
558 3825 617 3882 petit
628 3824 673 3878 hic,
686 3825 791 3869 comitem
802 3823 861 3882 petit
871 3823 911 3867 ille
923 3822 1043 3879 Rogemm,

457 3899 523 3956 Quod
534 3900 593 3959 petit
603 3899 649 3956 hic,
661 3901 729 3958 negat
740 3899 785 3954 hle,
798 3899 860 3958 quod
871 3901 938 3956 neget
949 3899 993 3954 hic,
1003 3899 1061 3957 petit
1071 3895 1117 3943 hle.

404 3977 477 4023 Ambo
490 3977 559 4022 duces
572 3977 681 4036 equitnm,
694 3977 787 4022 rationis
799 3979 894 4034 uterque
905 3976 1015 4029 minister,

456 4052 499 4098 Hic
511 4053 586 4108 detor,
597 4053 637 4098 ille
648 4056 724 4108 tenax,
737 4052 774 4098 hic
786 4052 869 4106 brevis,
881 4051 920 4098 ille
934 4052 1016 4110 Gyges.

269 4121 303 4184 36)
322 4129 350 4173 de
364 4127 476 4174 Tancredi
488 4129 535 4174 uita
546 4133 617 4186 egunt
627 4131 749 4190 praecipue
758 4129 824 4186 Huge
833 4129 963 4174 Falcendus
973 4129 996 4172 et
1005 4126 1058 4172 Chr.
1070 4127 1146 4174 fossae
1157 4142 1237 4174 novae.
1252 4129 1322 4176 Acce·

202 4205 260 4250 dunt
271 4205 362 4248 Nicetes
376 4201 440 4258 (bist.
452 4203 507 4262 imp.
521 4205 601 4252 Graeci
612 4221 641 4252 ex
652 4220 739 4252 recens.
752 4205 774 4250 J.
788 4204 894 4250 Bekkeri.
906 4205 980 4249 Boun.
994 4203 1051 4248 835.
1065 4197 1110 4260 8⁰.)
1124 4208 1147 4250 et
1158 4205 1235 4264 Episc.
1249 4205 1323 4252 Sicer-

202 4281 245 4326 dus
259 4278 350 4336 (Murat.
365 4281 406 4326 SS.
421 4277 481 4334 VII.)
500 4279 574 4324 Etiam
587 4281 701 4340 Redulph.
714 4283 788 4330 Dicet.
803 4283 859 4326 626.
878 4281 1005 4326 Ambenus
1018 4280 1054 4326 ed.
1066 4279 1209 4341 Deorowsky
1224 4284 1279 4327 1⁶21.
