3048 4944
669 284 860 348 ,2.-

204 475 322 551 piendis
340 479 369 534 et
385 474 548 534 efficiendis
564 475 697 534 consiliis
713 476 844 544 animus,
862 475 911 551 qui
932 475 1037 553 primis
1053 477 1116 536 eius
1137 478 1222 553 regni
1243 479 1330 538 annis

206 578 368 652 praelucet,
385 578 464 636 idem
485 577 513 634 in
531 577 691 654 postremis
713 577 909 654 conspicitur,
932 595 1027 654 neque
1047 579 1108 637 ullo
1130 578 1218 638 modo
1234 581 1331 656 potuit

172 692 175 698 ·
206 678 279 750 fieri,
297 679 367 754 quin
384 696 450 748 eas,
467 696 541 754 quas
558 697 612 756 per
627 684 671 738 tot
686 679 858 737 discrimina
875 685 994 738 secutus
1017 685 1063 739 est
1083 698 1117 738 ae
1134 681 1266 740 defendit
1283 701 1329 740 ra-

204 780 301 838 tiones
318 787 348 839 et
364 781 584 850 contentiones,
608 799 662 856 per
683 786 775 840 totam
797 781 887 838 vitam
908 781 1024 840 fortiter
1045 787 1074 840 et
1093 788 1263 842 constanter
1283 801 1329 842 se-

205 888 353 958 queretur.
371 957 372 962 η
389 881 643 942 Perlustrantibus
665 883 752 942 uobis
768 883 922 941 historiam
940 888 1158 959 postremorum
1173 883 1328 942 Friderici-

205 984 253 1042 ani
265 984 349 1058 regni
363 1003 514 1053 annorum,
530 984 626 1059 qualis
638 985 841 1044 intercesserit
855 985 1027 1061 imperatori
1044 1003 1108 1043 cum
1125 985 1185 1055 lilio
1204 986 1328 1045 Henrico

204 1086 391 1156 vicissitudo,
403 1103 544 1161 quaerere
559 1087 664 1146 summi
677 1087 819 1146 momenti
832 1092 886 1146 est.
905 1087 1045 1146 Videmus
1058 1087 1135 1146 euim
1148 1087 1329 1146 Fridericum

205 1206 263 1246 non
280 1188 384 1258 modo,
401 1193 434 1245 ut
450 1189 623 1246 succederet
639 1187 696 1246 sibi
712 1187 792 1248 filius
808 1189 836 1246 in
858 1189 1000 1266 imperio,
1019 1207 1152 1260 curasse,
1171 1189 1330 1250 sedetiam

205 1306 325 1365 semper
345 1306 411 1347 eum
432 1289 474 1346 ita
489 1289 665 1348 instruxisse
682 1290 842 1366 perspicue
858 1291 1067 1366 intelligimus,
1089 1297 1121 1349 ut
1141 1291 1191 1350 ille
1207 1291 1329 1350 easdem

204 1391 348 1462 rationes,
365 1408 439 1466 quas
456 1391 522 1467 ipse
539 1391 726 1463 defenderat,
744 1409 887 1467 sequens,
904 1393 1023 1452 omuino
1040 1393 1098 1452 sibi
1114 1393 1220 1452 similis
1236 1393 1329 1470 impe-

203 1493 279 1552 rium
296 1493 483 1568 gubernaret.
514 1493 583 1552 Fuit
598 1492 750 1554 Friderico
766 1501 837 1570 post
851 1495 1013 1554 infaustum
1028 1513 1127 1554 rerum
1143 1495 1172 1552 in
1188 1494 1328 1554 Lombar-

206 1595 254 1654 dia
269 1595 388 1666 exitum,
405 1595 501 1670 quoad
520 1596 600 1666 vixit,
624 1596 788 1668 contentio,
805 1601 928 1671 atquae
949 1597 1016 1672 ipse
1033 1597 1176 1672 consequi
1197 1602 1226 1656 et
1246 1596 1330 1656 finire

204 1715 262 1757 uon
285 1697 448 1773 potuisset,
469 1697 530 1756 filio
551 1703 658 1774 postea
679 1697 886 1768 succederent,
911 1703 940 1756 et
963 1699 1005 1756 ita
1029 1699 1117 1756 etiam
1142 1704 1213 1774 post
1233 1699 1329 1774 ipsius

206 1807 332 1858 mortem
349 1799 453 1858 eadem
470 1804 641 1876 peterentur
658 1805 687 1858 et
702 1799 821 1858 tandem
838 1799 1057 1870 obtinerentur,
1074 1817 1149 1874 quae
1165 1801 1231 1876 ipse
1246 1805 1329 1858 tanto

205 1917 295 1977 opere
317 1918 371 1976 per
390 1907 483 1959 totam
507 1902 595 1960 vitam
617 1901 728 1960 frustra
749 1906 812 1960 erat
832 1907 1016 1976 persecutus.
1052 1900 1150 1974 Quare
1170 1919 1329 1977 numquam

205 2001 389 2074 Fridericus,
413 2020 487 2078 quae
511 2021 565 2079 per
586 2009 632 2062 tot
653 2020 748 2062 annos
772 2009 912 2078 tantaque
938 2003 1109 2063 discrimina
1135 2003 1328 2080 expetiverat,

205 2103 315 2171 omisit,
332 2103 385 2164 sed
401 2104 501 2180 potius
518 2105 638 2164 modum
653 2105 857 2180 rationemque
874 2105 1061 2181 adipiscendi
1077 2105 1211 2164 mutavit.

268 2205 376 2264 Filium
397 2205 554 2264 admodum
580 2224 705 2282 puerum
728 2225 829 2282 regem
854 2207 1013 2266 creandum
1037 2213 1192 2266 curaverat
1212 2211 1242 2266 et
1263 2225 1329 2266 eum

186 2307 383 2382 'simulatque
407 2307 553 2378 adolevit,
576 2309 694 2383 imperii
714 2310 900 2384 negotiorum
922 2309 1099 2384 participem
1116 2309 1234 2367 fecerat.
1268 2309 1329 2367 Ad-

206 2409 326 2468 modum
343 2428 417 2485 puer
433 2416 556 2468 vocatur
570 2410 599 2467 in
617 2409 831 2485 diplomatibus
848 2410 941 2487 patris
953 2406 988 2481 ¹).
1017 2409 1142 2468 Exstant
1157 2409 1330 2486 diplomata,

205 2529 279 2586 quae
297 2511 465 2570 Fridericus
481 2529 540 2569 una
556 2529 621 2569 cum
637 2511 697 2569 filio
714 2505 837 2587 dedit2).
869 2511 1000 2569 Plurima
1014 2517 1082 2569 acta
1097 2511 1218 2588 publica
1233 2517 1262 2570 et
1276 2511 1330 2569 im·

210 2613 358 2689 peratoris
375 2621 405 2672 et
419 2614 499 2688 regis
516 2613 634 2671 nomine
649 2614 728 2671 lacta
744 2607 855 2684 sunt3).
880 2613 1083 2672 Asscrvantur
1103 2613 1212 2671 nummi
1234 2613 1331 2672 111111Α

274 2795 295 2855 ¹)
316 2803 329 2846 3
343 2801 390 2846 lan.
411 2802 475 2846 1180
488 2801 512 2844 in
524 2800 580 2858 dipl.
591 2800 653 2845 Frid.
666 2800 684 2844 l.
698 2801 719 2845 d.
734 2802 795 2859 apud
804 2801 984 2858 argentinensem
995 2802 1116 2846 civitatem:
1134 2803 1212 2856 ,testis
1226 2805 1260 2846 cst
1272 2801 1331 2846 Hen-

204 2877 277 2930 ricus,
296 2877 447 2922 Romanorum
465 2892 504 2922 rex
517 2875 649 2934 augustus.“
662 2877 742 2922 —De
755 2891 799 2936 quo
812 2877 941 2922 Fridericus
958 2879 982 2921 in
1000 2879 1049 2922 eo'd.
1064 2878 1119 2936 dipl.
1133 2879 1199 2922 dicit:
1221 2893 1262 2933 ,ex
1279 2892 1331 2922 con-

205 2954 300 2998 scientia
317 2957 340 2998 et
356 2967 469 2998 consensu
486 2953 527 2998 filii
545 2955 617 2998 nostri
629 2953 721 2999 llomr'ci
738 2954 802 2999 Rom.
816 2954 870 3012 Reg.
884 2957 941 3011 Aug.
956 2978 989 2984 -
1002 2953 1145 3000 statuinrus.“
1161 2977 1194 2984 —
1207 2953 1330 3004 schannat,

205 3044 240 3088 ep.
260 3029 369 3074 Wormat.
383 3030 411 3076 ll.
430 3031 511 3088 probat
529 3030 586 3074 XCI.
610 3045 632 3088 p.
653 3032 692 3075 84.

274 3107 305 3150 20
319 3106 367 3150 lun.
380 3107 443 3152 1183
461 3107 521 3166 apud
532 3107 689 3151 Constantiam
701 3109 767 3152 testis
778 3111 819 3152 est:
837 3107 961 3163 ,Henricus
972 3121 1010 3150 rex
1020 3107 1081 3152 filius
1091 3103 1254 3164 11111111111111,κ
1270 3101 1331 3159 Dipl.

204 3182 265 3225 ined.
279 3181 365 3226 Frider.
380 3183 397 3227 Ι.
412 3184 506 3228 citatum
516 3183 576 3241 apud
587 3182 667 3236 81111111,
683 3183 842 3228 1111161111.
857 3183 885 3236 ΙΙ,
900 3184 956 3227 279,
971 3183 1026 3226 332.
1039 3183 1095 3226 409.
1110 3182 1165 3226 510.
1180 3180 1227 3224 589
1241 3181 1263 3223 et
1272 3177 1333 3236 apud

207 3257 326 3311 Stillfricd,
340 3259 401 3304 Mon.
416 3259 498 3304 Zoller.
513 3259 643 3303 LXXXIV.

275 3335 306 3378 14
319 3336 390 3392 April.
406 3337 469 3380 1189
481 3336 596 3392 Hagenau:
614 3335 765 3393 ,predilectus
776 3336 837 3380 filius
847 3339 924 3380 noster
937 3335 964 3378 H.
975 3333 1071 3378 illustris
1082 3333 1146 3377 Rom.
1157 3332 1204 3376 Rex
1214 3329 1285 3387 Aug.“
1301 3332 1332 3373 te-

206 3414 279 3456 statur
291 3413 314 3455 in
329 3412 384 3470 dipl.
398 3412 460 3456 Frid.
475 3412 491 3456 Ι.
506 3435 539 3442 -
553 3425 588 3469 ap.
601 3411 754 3465 Wiirdtwein,
768 3425 819 3456 nov.
834 3412 919 3456 subsid.
933 3411 982 3455 Xll.
997 3412 1053 3455 118.

276 3480 297 3543 2)
317 3502 337 3532 a.
353 3489 381 3532 11
393 3487 460 3532 Febr.
473 3489 537 3532 1186
549 3487 631 3532 Paviae
641 3485 727 3530 Frider.
739 3487 755 3530 l.
767 3490 789 3530 et
802 3488 926 3541 ,Hernicus
936 3487 1031 3532 illustris
1041 3487 1192 3532 Romanorum
1201 3485 1249 3529 Rex
1259 3480 1330 3538 Aug.“

205 3565 330 3612 investiant
346 3565 488 3609 Bernardum
505 3578 540 3621 ep.
554 3563 628 3607 Parm.
647 3563 675 3606 do
689 3563 845 3619 Castrignano.
859 3563 950 3620 Ughelli
970 3564 997 3608 It.
1012 3563 1074 3608 Sacr.
1089 3563 1105 3608 l.
1121 3565 1176 3608 172.
1191 3559 1251 3616 (fals.
1264 3561 1333 3615 temp.

208 3638 310 3696 notans.)
336 3640 387 3686 Affo
400 3641 481 3685 Parma
493 3641 520 3684 ll.
535 3641 592 3685 392.
606 3663 638 3670 —

277 3719 298 3763 b.
314 3719 355 3763 sub
366 3719 415 3762 eod.
427 3717 473 3761 dat.
483 3717 553 3760 iidem
562 3717 690 3760 concedunt
700 3717 799 3761 Guidoni
808 3717 836 3761 de
845 3717 956 3774 Roglcriis
966 3717 1077 3761 Felinum.
1088 3715 1138 3760 Affo
1148 3714 1229 3758 Parma
1239 3713 1265 3756 ll.
1277 3713 1333 3756 393.

274 3789 294 3852 3)
316 3811 335 3840 a.
349 3795 398 3840 Pax
412 3795 514 3838 Venetiis
531 3794 591 3838 lacta
605 3793 695 3850 incipit:
709 3793 756 3836 Nos
769 3792 898 3838 Fridericus
911 3817 943 3822 —
957 3796 979 3836 et
991 3792 1102 3836 Henricus
1116 3790 1177 3834 lilius
1190 3792 1288 3834 nostera.
1302 3811 1334 3818 —-

210 3871 329 3917 Romuald.
350 3871 438 3917 Salem.
456 3872 512 3915 238.
536 3869 626 3925 (Murat.
641 3869 682 3913 88.
696 3867 756 3924 Vll.)
782 3868 989 3926 ,LegatiGuilolmi
1006 3867 1065 3922 regis
1078 3866 1169 3910 Siciliae
1186 3879 1213 3908 ex
1228 3863 1335 3908 mandato

208 3949 282 4006 Papae
302 3953 324 3992 11
337 3949 482 4006 Imperatoris
500 3948 530 3992 ad
547 3945 671 3991 Castellum
690 3945 780 4002 Guyvae
794 3946 946 3997 advenerunt,
964 3943 1002 3987 ubi
1020 3943 1154 4000 Imperatrix
1170 3955 1221 3985 cum
1238 3939 1335 3984 Henrico

209 4039 260 4080 rege
278 4025 327 4068 filio
340 4039 381 4069 suo
397 4024 533 4068 morabatur.
559 4023 593 4066 lbi
606 4021 730 4064 Verdensis
743 4033 777 4076 ep.
791 4021 885 4075 iuravit,
904 4019 964 4079 quod
977 4018 1025 4062 Rex
1037 4019 1148 4062 Hernicus
1161 4030 1240 4075 pacem
1252 4038 1285 4044 -
1298 4015 1335 4058 ob-

208 4099 332 4146 servaret.“
348 4101 405 4144 lbid.
420 4102 476 4144 239.

280 4177 300 4220 b.
320 4177 335 4220 4
349 4176 415 4221 Febr.
432 4177 494 4220 1183
509 4175 562 4220 urbs
576 4173 681 4218 Terdona
699 4172 789 4216 subiicit
802 4185 825 4216 ae
839 4173 969 4230 imperatori
982 4173 1047 4229 eique
1065 4175 1087 4216 et
1099 4173 1145 4228 regi
1158 4171 1256 4216 Henrico
1268 4170 1335 4214 fidem

210 4256 267 4297 urat.
282 4252 343 4296 Mon.
360 4254 433 4297 Germ.
448 4252 486 4296 lV.
502 4253 557 4297 166.
