3052 4934
635 243 843 306 -60„.

250 429 280 505 l)
296 431 536 494 coniurationem
546 434 718 495 Italicorum
734 435 911 513 scriptorum
923 435 1059 514 plerique
1077 435 1188 507 fictam,
1205 433 1301 502 Theu-

183 533 274 592 tonici
289 533 397 594 tactam
413 553 481 596 esse
497 536 628 596 credunt.
961 545 965 550 ’

248 633 282 709 l)
297 635 395 696 Italici
415 637 451 697 de
473 638 578 714 poenis
600 639 765 698 accuratius
787 644 922 711 narrant,
939 638 1113 698 Theutonici
1129 637 1303 716 plerumque

184 735 272 796 modo
289 737 326 796 de
339 739 604 815 comprehensione
617 739 783 816 Margariti,
801 741 958 800 clarissimi
975 740 1056 800 illius
1073 741 1180 800 aetatis
1196 745 1302 800 natutae

184 843 213 897 et
229 838 266 898 de
282 838 452 900 divitiarum
468 841 556 918 copia
570 842 680 902 dicunt.-

249 938 282 1014 3)
301 940 464 1020 Praecipue
478 959 512 1002 ex
524 942 638 1004 Italicis
651 945 869 1021 cognoscimus,
887 945 1079 1005 severissima
1093 944 1251 1004 Henricum
1267 944 1303 1004 de

183 1041 346 1103 coniuratis
363 1044 530 1122 sumpsisse
546 1046 705 1124 supplicia.

248 1143 354 1204 Omnia
368 1163 455 1219 vero,
471 1164 547 1222 quae
562 1154 719 1226 praeterea
733 1149 902 1221 traduntur,
925 1147 997 1208 nihil
1019 1149 1120 1208 valent
1134 1155 1164 1208 et
1184 1149 1303 1215 omnino

184 1245 294 1306 debent
319 1247 444 1307 excludi.
462 1279 503 1288 -
528 1248 577 1309 Sic
599 1249 705 1310 Petrus
732 1249 768 1309 de
794 1249 889 1310 Ebulo
915 1249 1075 1310 Henricum
1106 1251 1185 1310 omni
1216 1251 1305 1328 culpa

182 1348 304 1420 liberat,
326 1354 356 1408 et
375 1367 464 1426 quum
488 1368 591 1410 severe
613 1370 677 1410 eum
700 1345 835 1430 puniisse
857 1370 892 1411 ex
914 1351 981 1412 aliis
1004 1352 1148 1425 sciamus,
1176 1353 1304 1412 clemen·

183 1451 299 1512 tissime
315 1469 381 1512 eum
396 1452 426 1511 in
442 1452 612 1512 coniuratos
628 1454 815 1514 consuluIssc
830 1453 900 1514 latis
915 1455 1017 1514 'verbis
1034 1455 1195 1531 praedicat.
1205 1449 1253 1530 161)

247 1553 330 1612 Idem
353 1572 510 1614 censemus
526 1555 563 1615 de
579 1554 686 1614 Ottone
702 1555 739 1614 de
755 1554 784 1614 S.
798 1555 914 1627 Blasio,
932 1556 998 1632 qui,
1016 1556 1051 1615 de
1068 1557 1157 1615 rebus
1174 1555 1302 1616 Theuto·

184 1655 259 1715 niois
280 1656 373 1714 iruulta
394 1661 422 1716 et
438 1655 496 1716 fido
513 1657 603 1734 digna
623 1656 760 1730 tradens,
782 1657 818 1716 dc
833 1657 947 1716 Italicis
969 1657 1147 1734 saepissime
1168 1657 1305 1718 fabulosa

183 1763 286 1816 narrat
301 1763 331 1817 et
344 1775 393 1818 res
409 1758 570 1818 confundit.
601 1759 684 1819 Inter
699 1777 751 1820 eos
773 1776 963 1818 numeramus
977 1759 1138 1834 Rogerium
1153 1759 1190 1818 de
1207 1759 1304 1818 llore-

184 1858 257 1932 den,
279 1859 329 1936 qui
350 1861 462 1936 optime
482 1861 519 1920 de
540 1861 674 1936 Anglicis
701 1861 791 1920 rebus
813 1861 991 1931 instructus,
1012 1861 1048 1920 de
1069 1859 1137 1920 aliis
1163 1860 1252 1920 rebus
1277 1865 1306 1919 et

183 1960 341 2021 inscientia
375 1967 409 2020 et
438 1961 506 2022 odio
539 1961 658 2022 Henrici
690 1961 730 2021 Vl
766 1967 931 2022 commotus
968 1962 1133 2022 falsissima
1168 1961 1300 2022 tradidit.

185 2061 270 2136 Quod
287 2063 431 2140 exemplIs
447 2063 650 2123 demonstrare
666 2065 787 2140 longum
804 2070 864 2134 est,
889 2065 968 2140 quod
987 2082 1056 2123 vero
1073 2063 1238 2141 perlegenti
1255 2081 1304 2122 eo-

184 2183 249 2222 rum
264 2163 405 2226 historias
421 2171 557 2244 apparet.
568 2161 618 2240 1θῖ)
649 2166 760 2226 Eodem
781 2166 869 2225 inodo
886 2165 1068 2226 excludenda
1090 2171 1173 2237 sunt,
1194 2183 1269 2241 quae
1285 2184 1304 2224 a

185 2347 388 2357 ---.-..--.

253 2463 299 2527 ¹⁶¹)
318 2472 379 2518 Petr.
391 2473 458 2518 Ehnl.
471 2473 500 2518 ll.
514 2475 570 2518 231.
588 2474 657 2520 Henr.
671 2475 810 2532 conquestus
823 2475 869 2518 est:

454 2551 502 2594 Nec
515 2549 606 2596 Ghristo
619 2549 724 2610 Gayphas
736 2550 802 2604 iecit,
815 2563 857 2595 nec
870 2549 959 2595 saevius
971 2551 1044 2602 Anna,

507 2625 579 2682 Quam
591 2627 646 2673 milri
658 2628 800 2686 conscriptae
813 2627 946 2685 disposuere
958 2639 1046 2670 manus.

455 2701 562 2747 Protinus
574 2703 684 2750 armiferis
696 2703 766 2762 pleno
777 2703 841 2748 iubet
853 2715 891 2748 oro
904 2703 1012 2748 ministris

507 2779 537 2824 Ut
549 2780 640 2838 captent
651 2793 769 2839 quosquos
781 2779 857 2824 littera
869 2779 929 2824 lecta
940 2781 1012 2824 notat.

457 2854 501 2910 Qui
514 2856 559 2900 cito
571 2856 684 2902 mandatis
696 2855 793 2916 implent
804 2857 843 2914 pla
854 2857 917 2900 iussa
928 2854 1033 2913 receptis,

507 2931 606 2978 Iniectos
619 2933 713 2992 capiunt
723 2932 852 2991 proditIone
864 2932 933 2976 vitos.

455 3008 597 3069 Dampnatos
610 3023 638 3053 en
650 3009 699 3067 lege
711 3010 772 3055 viros
785 3009 905 3054 clementIa
918 3007 994 3052 differt
1009 3004 1034 3063 (l)

506 3084 537 3129 nt
548 3085 629 3130 sullert
640 3087 712 3144 pietas
724 3085 848 3145 impictatis
861 3097 926 3129 unns.

456 3161 483 3204 ln
495 3160 674 3219 condempnatos
686 3162 791 3207 meritum
804 3161 917 3206 sententia
928 3160 1011 3214 tardat,

508 3237 557 3292 Quo
570 3237 637 3282 datur
648 3240 673 3282 ut
685 3237 773 3282 vinctos
786 3237 860 3296 Apoala
873 3237 981 3294 dampnet
992 3236 1082 3280 humus.

253 3337 299 3402 ¹62)
319 3345 372 3392 Otto
385 3347 408 3393 S.
421 3347 483 3392 Blas.
496 3347 578 3392 XLIX:
597 3348 716 3406 exquisitis
729 3347 847 3406 suppliciis
860 3345 961 3400 affectis,
974 3346 1133 3395 miserabiliter
1145 3347 1306 3392 eosenecarit.

183 3423 241 3468 Nam
253 3423 399 3481 Margaritnm
412 3421 583 3482 archipiratam,
602 3424 785 3482 potentissimum
801 3421 864 3468 illins
881 3425 939 3467 terre
956 3421 1076 3476 baronem,
1094 3437 1145 3468 cnm
1159 3424 1258 3482 quodem
1270 3437 1307 3468 co-

184 3500 239 3546 mite
255 3499 482 3554 Richardo,·litteris
500 3500 601 3560 adprIme
619 3501 720 3552 erudito,
738 3499 810 3544 oculis
826 3499 925 3558 privavit
941 3501 964 3544 et
980 3499 1101 3558 quemdam
1118 3500 1166 3544 lese
1182 3501 1306 3545 maiestatis

185 3577 315 3622 convictum
330 3577 390 3635 pelle
408 3579 501 3622 enatum
514 3576 649 3630 decoriavit;
668 3575 782 3634 quendam
798 3589 851 3620 vero
869 3589 938 3634 regno
955 3575 1095 3636 aspirantem
1111 3577 1226 3630 coronari,
1244 3589 1307 3620 coro-

184 3667 281 3712 namque
294 3667 334 3711 per
346 3655 449 3712 tempora
461 3653 531 3699 clavis
543 3653 623 3698 ferreis
634 3653 738 3710 translim‘
749 3653 858 3710 precepit.
883 3651 998 3708 Quosdam
1010 3652 1084 3710 stipIti
1096 3651 1201 3709 alligatos
1212 3653 1307 3711 piraque

185 3730 336 3777 choumdatos
349 3744 446 3776 exurens
459 3729 582 3774 crudeliter
594 3728 714 3782 exstinxit;
733 3728 845 3786 quosdam
860 3731 925 3772 vecte
939 3729 1068 3788 perforatos
1079 3731 1226 3775 ventretenns
1239 3727 1307 3772 humo

185 3805 341 3866 agglutinavit.
365 3809 398 3850 Ac
410 3820 451 3865 per
462 3805 505 3850 hoc
519 3805 622 3850 omnibus
635 3805 658 3849 in
669 3803 826 3850 transmarinis
838 3803 952 3862 partibus,
970 3807 1113 3851 severitatem
1127 3805 1175 3850 eius
1187 3803 1307 3849 metuenti-

183 3883 239 3939 bus,
252 3883 374 3928 maalmam
386 3883 495 3927 terrorem
506 3883 610 3927 incussit.

253 3959 309 4016 Rog.
321 3958 422 4004 Hered:
440 3957 495 4003 iecit
512 3958 580 4003 effodi
592 3960 677 4002 eterra
691 3971 786 4015 corpora
799 3955 911 4001 Tuncredi
923 3957 982 4014 reffl's
995 3959 1018 4001 et
1029 3957 1085 4013 Rog.
1097 3956 1139 4002 lilii
1152 3959 1200 4003 eius
1213 3957 1272 4014 regis
1285 3958 1308 4001 et

185 4036 292 4096 spoliavit
308 4048 347 4080 eos
365 4035 454 4080 coronis
472 4036 495 4078 et
507 4035 603 4093 sceptris
615 4037 638 4080 et
650 4034 731 4079 ceteris
747 4031 862 4090 regalibus
880 4033 1030 4088 ornamentis,
1048 4035 1092 4080 etc.
1110 4056 1143 4064 —
1160 4033 1307 4080 Wilhelmuur

185 4113 403 4172 regemcxeeecauh
414 4114 437 4157 et
449 4110 605 4158 ementulavit.
