3048 4944
215 477 338 522 0000000
355 461 442 522 10110
455 477 524 520 esse
536 459 668 532 videtur,
685 475 757 518 sane
772 457 987 530 metuentibus,
1003 474 1040 516 ne
1055 456 1163 518 iterata
1176 455 1339 534 longinqua

186 613 188 618 .
214 564 389 638 quaestione
405 563 498 624 lector
513 562 677 622 benevolus
694 560 781 620 valde
797 559 985 636 defatigetur.

276 664 340 724 Iam
362 665 490 742 primum
514 664 587 725 illud
609 669 739 735 constat,
763 663 922 722 Heuricum
945 661 1104 722 Tusculum
1122 679 1235 738 papae,
1259 681 1339 739 papa

5 803 13 834 .
210 767 356 828 Romanis
371 766 541 826 tradidisse.
575 765 782 840 confirmatur,
798 770 831 824 ut
848 770 1033 842 praeteream
1049 763 1213 840 scriptores
1230 766 1337 841 partim

213 869 337 930 minoris
353 869 548 940 auctoritatis,
566 870 674 946 partim
690 867 866 946 posterioris
881 867 999 938 aetatis,
1018 866 1197 926 testimoniis
1214 867 1337 926 duorum

214 971 381 1046 aequalium
398 989 513 1030 sumina
529 971 587 1030 fide
604 971 760 1046 dignorum
778 987 818 1028 sc.
836 965 957 1028 Godolr.
975 967 1078 1028 Colon.
1095 970 1167 1028 469.
1184 968 1221 1028 ad
1243 971 1337 1030 1191:

216 1073 401 1132 consecratio
423 1073 584 1149 procedere
601 1090 660 1132 non
676 1071 774 1149 potuit
793 1071 888 1130 donec
903 1071 1067 1146 imperator
1082 1075 1210 1130 castrum
1227 1071 1338 1130 Tuscu-

215 1175 314 1236 lanum
335 1175 365 1234 in
386 1180 567 1252 potestatem
588 1191 668 1252 pape
690 1179 719 1232 et
733 1173 932 1233 Romanorum
953 1171 1141 1232 contradidit.
1163 1205 1202 1212 -—
1224 1171 1338 1232 Sicardi

215 1277 264 1354 epi
277 1277 336 1336 chr.
352 1279 421 1336 615.
436 1276 521 1354 (Mur.
530 1275 582 1338 SS.
593 1272 682 1350 vlla:
695 1275 857 1353 imperator
869 1274 1037 1352 apostolico
1049 1273 1132 1334 dedit
1139 1274 1338 1334 Tusculanum

215 1384 245 1437 01
254 1379 441 1456 apostolicus
449 1379 600 1439 Romanis.
625 1376 684 1452 (Gi.
697 1377 816 1437 Memor.
830 1377 943 1436 Potest.
957 1377 1029 1452 Reg.
1048 1378 1137 1436 1077:
1151 1375 1338 1438 coelestinus

213 1479 412 1541 Tusculanam
434 1481 584 1539 civitatem
604 1479 642 1538 ab
664 1479 843 1554 imperatore
863 1479 978 1555 recepit
999 1483 1029 1537 01
1044 1477 1186 1538 Romanis
1207 1478 1290 1538 dedit
1309 1486 1339 1538 et

213 1582 268 1655 al.)
313 1581 411 1656 Quare
427 1581 606 1640 Richardum
622 1582 659 1642 dc
675 1581 704 1642 S.
722 1579 871 1641 Germano
888 1582 947 1639 972
973 1585 1002 1640 et
1017 1577 1156 1639 Ottouem
1172 1580 1209 1640 de
1224 1580 1253 1642 S.
1270 1581 1338 1640 Bla-

213 1683 259 1742 sio
277 1701 301 1741 c.
318 1682 468 1755 XXXIII,
484 1685 532 1760 qui
551 1683 710 1744 Henricum
725 1683 868 1744 Romanis
888 1682 991 1740 urbem
1013 1681 1175 1742 tradidisse
1196 1683 1337 1758 referunt,

214 1791 266 1844 aut
281 1802 407 1858 errasse,
425 1791 476 1846 aut
490 1804 601 1864 papam
618 1786 737 1864 acnlpa
751 1784 913 1846 liberantes
929 1801 1032 1844 verum
1047 1784 1178 1844 tacuisse
1194 1789 1246 1846 aut
1256 1785 1338 1846 deni·

215 1903 272 1962 que
286 1887 363 1948 banc
377 1907 439 1948 rem
456 1890 627 1950 summatim
642 1889 730 1948 modo
747 1905 885 1948 narrasse
901 1886 1038 1948 arbitror.
1057 1918 1094 1926 -
1111 1886 1189 1946 Illud
1211 1905 1269 1947 100
1292 1894 1339 1948 001

214 1988 345 2062 dubium,
362 1992 431 2067 quin
441 1991 599 2052 Tusculum
609 2009 642 2051 se
654 1991 718 2066 regi
730 1990 901 2050 advenienti
914 1988 1078 2048 tradiderit.
1104 1984 1338 2066 (11111100.Ηο-

198 2091 282 2180 ⁴ved.
299 2090 368 2152 Chr.
387 2092 529 2168 Ursperg.
546 2092 701 2167 Sigonium
717 2091 782 2152 XV.
799 2093 836 2150 ad
858 2088 962 2167 1191.)
982 2090 1098 2150 Etenim
1114 2091 1264 2168 quomodo
1280 2091 1339 2152 Ro-

216 2193 296 2250 mani
315 2193 533 2253 restitutionem
554 2195 638 2256 urbis
654 2194 874 2270 postulassent,
896 2193 953 2252 nisi
975 2192 1028 2250 illa
1051 2193 1134 2270 prins
1149 2193 1339 2270 imperatoris

215 2293 398 2369 praesidium
414 2295 598 2372 recepisset?

280 2394 362 2471 Quae
379 2415 443 2458 cum
460 2398 503 2456 ita
518 2397 592 2471 0101,
613 2399 741 2476 primum
757 2397 922 2474 quaeritur,
939 2397 1007 2472 quis
1022 2397 1241 2472 restitutionem
1256 2401 1339 2460 urbis

215 2499 426 2574 postulaverit,
443 2517 591 2577 papaan
613 2501 744 2577 populus
765 2499 935 2560 Romanus?
980 2497 1066 2560 Certe
1093 2499 1227 2560 11011011.
1274 2501 1339 2564 Nisi

214 2601 420 2678 postulassent
440 2602 599 2662 Tusculum
620 2622 638 2661 a
657 2621 744 2678 rege,
765 2619 847 2679 papa
866 2602 970 2660 urbem
991 2607 1098 2678 postea
1117 2602 1259 2662 Romanis
1279 2622 1339 2666 nou

214 2701 403 2776 tradidisset,
424 2704 547 2764 Romani
572 2705 673 2765 urbem
700 2723 719 2763 a
739 2722 819 2782 papa
841 2704 1089 2780 non‘petiissent.
1134 2704 1260 2766 Romani
1285 2725 1340 2784 per

214 2803 324 2864 multos
349 2823 444 2866 annos
470 2807 680 2868 saevissimum
706 2811 809 2866 contra
836 2806 1020 2866 Tusculanos
1052 2805 1162 2868 bellum
1183 2809 1338 2884 gerebant,

148 2969 151 2976 ,
215 2903 321 2966 iisdem
338 2906 876 2986 (111011011110010101001011001100.
921 2908 1073 2968 Adiuvant
1091 2909 1148 2968 hoc
1169 2911 1340 2972 testimonia

214 3013 388 3068 auctorumz-
407 3007 528 3070 Godofr.
545 3010 648 3072 Colon.
666 3013 737 3072 469.
758 3011 796 3070 ad
816 3011 912 3070 1191:
935 3016 998 3070 erat
1012 3011 1173 3072 Tusculum
1188 3012 1338 3072 inimicum

214 3107 357 3172 Romanis
378 3130 412 3172 eo
430 3111 508 3189 quod
530 3129 617 3174 omne
638 3113 787 3174 munimen
808 3112 998 3190 imperatoris
1015 3118 1118 3172 000110
1137 3114 1221 3190 ipsos
1242 3115 1271 3175 iu
1286 3116 1337 3176 illo

217 3217 376 3273 constaret.
390 3245 430 3254 --
444 3213 513 3274 Otto
526 3214 555 3276 S.
565 3215 645 3276 Blas.
657 3234 681 3274 c.
694 3215 838 3274 XXXIII:
849 3215 1071 3276 Tusculanense
1083 3217 1247 3288 castellum,
1260 3219 1339 3296 quod

216 3305 332 3387 asylum
349 3315 466 3392 imperii
478 3321 582 3376 contra
593 3335 696 3376 omues
708 3318 837 3378 insultus
848 3317 1048 3378 Romanorum
1059 3317 1203 3378 hacteuus
1214 3320 1337 3380 exstitit.

279 3413 344 3474 Iam
359 3417 550 3494 perspicuum
567 3424 626 3489 est,
644 3436 735 3495 quare
755 3419 918 3496 imperator
938 3437 995 3478 non
1011 3419 1153 3480 Romanis
1169 3421 1221 3480 sed
1239 3440 1337 3500 papae

215 3517 319 3578 urbem
339 3516 505 3578 tradiderit.
539 3519 655 3580 Etenim
676 3521 851 3582 Tusculanis
878 3521 1061 3606 praesidium
1087 3522 1224 3595 miserat,
1251 3541 1337 3584 omne

163 3698 165 3702 Α
214 3619 355 3680 auxilium
376 3619 617 3698 pollicituserat.
652 3622 695 3683 Ne
710 3623 820 3682 tradita
840 3623 913 3684 urbe
934 3623 963 3684 in
983 3642 1088 3684 manus
1103 3625 1233 3686 hostium
1255 3626 1336 3688 11010

216 3721 353 3782 omnibns
374 3727 504 3799 pateret,
525 3741 624 3801 papae
644 3724 761 3784 tradere
783 3725 909 3802 placuit,
930 3729 963 3784 ut
983 3726 1020 3786 ab
1037 3743 1072 3786 eo
1087 3726 1229 3786 Romanis
1250 3728 1337 3788 10011-

214 3829 355 3912 tueretur.

278 3925 368 3986 Recte
384 3926 475 4003 igitur
490 3926 631 4004 Sigonius
647 3928 681 3987 R.
703 3928 726 3988 I.
744 3928 808 3987 XV.
826 3928 863 3989 ad
879 3947 906 3988 a.
927 3932 1022 3988 1191:
1046 3930 1213 4003 „Henricus
1229 3950 1339 4008 magna

217 4031 264 4086 est
287 4029 403 4086 consilii
431 4029 605 4090 difficultate
626 4030 750 4092 affectus
773 4049 868 4110 neque
891 4032 968 4092 enim
989 4031 1174 4094 Tusculanos
1199 4034 1337 4095 hostibus

216 4127 343 4204 prodere
364 4146 435 4188 suae
456 4149 523 4191 0000
539 4133 694 4208 dignitatis
716 4134 856 4210 putabat,
880 4140 910 4194 et
923 4153 1007 4194 arma
1021 4152 1087 4196 cum
1103 4134 1244 4196 Romanis
1267 4153 1336 4198 000-

217 4229 293 4290 ferre
315 4229 393 4290 bello
409 4229 523 4301 Siculo,
541 4234 619 4308 quod
641 4235 669 4292 in
693 4236 828 4296 inauribus
848 4236 993 4308 babebat,
1015 4237 1117 4296 inutile
1134 4237 1336 4310 existimabam
