<?xml version="1.0" encoding="UTF-8"?>
<!DOCTYPE html PUBLIC "-//W3C//DTD XHTML 1.0 Transitional//EN"
    "http://www.w3.org/TR/xhtml1/DTD/xhtml1-transitional.dtd">
<html xmlns="http://www.w3.org/1999/xhtml" xml:lang="en" lang="en">
 <head>
  <title>
</title>
<meta http-equiv="Content-Type" content="text/html;charset=utf-8" />
  <meta name='ocr-system' content='tesseract 3.04.00' />
  <meta name='ocr-capabilities' content='ocr_page ocr_carea ocr_par ocr_line ocrx_word'/>
</head>
<body>
  <div class='ocr_page' id='page_1' title='image "./dehenricoviroma00toecgoog_0068.png"; bbox 0 0 3048 4944; ppageno 0'>
   <div class='ocr_carea' id='block_1_1' title="bbox 676 243 888 308">
    <p class='ocr_par' dir='ltr' id='par_1_1' title="bbox 676 243 888 308">
     <span class='ocr_line' id='line_1_1' title="bbox 676 243 888 308; baseline -0.009 -15"><span class='ocrx_word' id='word_1_1' title='bbox 676 243 888 308; x_wconf 73' lang='lat'>..59-</span> 
     </span>
    </p>
   </div>
   <div class='ocr_carea' id='block_1_2' title="bbox 224 438 1344 617">
    <p class='ocr_par' dir='ltr' id='par_1_2' title="bbox 224 438 1344 617">
     <span class='ocr_line' id='line_1_2' title="bbox 284 438 1344 516; baseline -0.001 -18"><span class='ocrx_word' id='word_1_2' title='bbox 284 438 327 498; x_wconf 82' lang='lat' dir='ltr'>Ex</span> <span class='ocrx_word' id='word_1_3' title='bbox 348 438 599 516; x_wconf 77' lang='lat' dir='ltr'>praestantiorum</span> <span class='ocrx_word' id='word_1_4' title='bbox 620 439 701 499; x_wconf 90' lang='lat' dir='ltr'>illius</span> <span class='ocrx_word' id='word_1_5' title='bbox 722 439 846 500; x_wconf 87' lang='lat' dir='ltr'>aestatis</span> <span class='ocrx_word' id='word_1_6' title='bbox 868 444 1020 500; x_wconf 87' lang='lat' dir='ltr'>auctorum</span> <span class='ocrx_word' id='word_1_7' title='bbox 1046 439 1241 511; x_wconf 88' lang='lat' dir='ltr'>testimoniis,</span> <span class='ocrx_word' id='word_1_8' title='bbox 1268 455 1344 515; x_wconf 89' lang='lat' dir='ltr'>quae</span> 
     </span>
     <span class='ocr_line' id='line_1_3' title="bbox 224 536 801 617; baseline 0.003 -19"><span class='ocrx_word' id='word_1_9' title='bbox 224 539 301 600; x_wconf 87' lang='lat' dir='ltr'>infra</span> <span class='ocrx_word' id='word_1_10' title='bbox 316 536 582 617; x_wconf 78' lang='lat' dir='ltr'>adiungemus,¹⁶⁰)</span> <span class='ocrx_word' id='word_1_11' title='bbox 598 541 655 600; x_wconf 90' lang='lat' dir='ltr'>hoc</span> <span class='ocrx_word' id='word_1_12' title='bbox 671 547 801 602; x_wconf 87' lang='lat' dir='ltr'>constat:</span> 
     </span>
    </p>
   </div>
   <div class='ocr_carea' id='block_1_3' title="bbox 221 701 1349 2911">
    <p class='ocr_par' dir='ltr' id='par_1_3' title="bbox 289 701 997 771">
     <span class='ocr_line' id='line_1_4' title="bbox 289 701 997 771; baseline 0.003 -15"><span class='ocrx_word' id='word_1_13' title='bbox 289 705 335 768; x_wconf 81' lang='lat'><strong>¹⁶⁰)</strong></span> <span class='ocrx_word' id='word_1_14' title='bbox 355 711 440 767; x_wconf 88' lang='lat' dir='ltr'>Italici,</span> <span class='ocrx_word' id='word_1_15' title='bbox 453 725 510 771; x_wconf 87' lang='lat' dir='ltr'>quos</span> <span class='ocrx_word' id='word_1_16' title='bbox 521 713 622 760; x_wconf 86' lang='lat' dir='ltr'>invenire</span> <span class='ocrx_word' id='word_1_17' title='bbox 634 712 760 771; x_wconf 88' lang='lat' dir='ltr'>potuimus,</span> <span class='ocrx_word' id='word_1_18' title='bbox 776 723 859 756; x_wconf 74' lang='lat' dir='ltr'>carries</span> <span class='ocrx_word' id='word_1_19' title='bbox 871 701 997 760; x_wconf 74' lang='lat' dir='ltr'>aderimus:</span> 
     </span>
    </p>

    <p class='ocr_par' dir='ltr' id='par_1_4' title="bbox 221 787 1347 1064">
     <span class='ocr_line' id='line_1_5' title="bbox 288 787 1345 848; baseline -0.001 -15"><span class='ocrx_word' id='word_1_20' title='bbox 288 789 363 833; x_wconf 83' lang='lat' dir='ltr'>Anon.</span> <span class='ocrx_word' id='word_1_21' title='bbox 378 788 478 834; x_wconf 70' lang='lat' dir='ltr'>Cassia:</span> <span class='ocrx_word' id='word_1_22' title='bbox 495 789 562 846; x_wconf 82' lang='lat' dir='ltr'>imp,</span> <span class='ocrx_word' id='word_1_23' title='bbox 577 789 674 834; x_wconf 80' lang='lat' dir='ltr'><strong>solemni</strong></span> <span class='ocrx_word' id='word_1_24' title='bbox 686 790 748 834; x_wconf 89' lang='lat' dir='ltr'>curia</span> <span class='ocrx_word' id='word_1_25' title='bbox 759 790 783 834; x_wconf 90' lang='lat' dir='ltr'>in</span> <span class='ocrx_word' id='word_1_26' title='bbox 795 788 879 848; x_wconf 91' lang='lat' dir='ltr'>palatio</span> <span class='ocrx_word' id='word_1_27' title='bbox 891 787 982 844; x_wconf 86' lang='lat' dir='ltr'>habita,</span> <span class='ocrx_word' id='word_1_28' title='bbox 996 791 1095 835; x_wconf 87' lang='lat' dir='ltr'>ostensis</span> <span class='ocrx_word' id='word_1_29' title='bbox 1109 789 1204 843; x_wconf 89' lang='lat' dir='ltr'>litteris,</span> <span class='ocrx_word' id='word_1_30' title='bbox 1223 801 1279 848; x_wconf 89' lang='lat' dir='ltr'>quas</span> <span class='ocrx_word' id='word_1_31' title='bbox 1292 800 1345 832; x_wconf 90' lang='lat' dir='ltr'>con·</span> 
     </span>
     <span class='ocr_line' id='line_1_6' title="bbox 222 862 1346 924; baseline -0.003 -14"><span class='ocrx_word' id='word_1_32' title='bbox 222 865 346 924; x_wconf 82' lang='lat' dir='ltr'>spiratione</span> <span class='ocrx_word' id='word_1_33' title='bbox 359 865 500 923; x_wconf 90' lang='lat' dir='ltr'>quorundam</span> <span class='ocrx_word' id='word_1_34' title='bbox 513 865 644 922; x_wconf 81' lang='lat' dir='ltr'>Magnetum</span> <span class='ocrx_word' id='word_1_35' title='bbox 657 867 720 924; x_wconf 86' lang='lat' dir='ltr'>regni</span> <span class='ocrx_word' id='word_1_36' title='bbox 736 866 809 910; x_wconf 85' lang='lat' dir='ltr'>iactas</span> <span class='ocrx_word' id='word_1_37' title='bbox 826 865 917 910; x_wconf 87' lang='lat' dir='ltr'>dicebat</span> <span class='ocrx_word' id='word_1_38' title='bbox 933 867 1042 912; x_wconf 86' lang='lat' dir='ltr'>adversus</span> <span class='ocrx_word' id='word_1_39' title='bbox 1060 879 1123 921; x_wconf 87' lang='lat' dir='ltr'>oum,</span> <span class='ocrx_word' id='word_1_40' title='bbox 1141 864 1239 910; x_wconf 88' lang='lat' dir='ltr'>eundern</span> <span class='ocrx_word' id='word_1_41' title='bbox 1251 862 1346 908; x_wconf 87' lang='lat' dir='ltr'>Wilhel·</span> 
     </span>
     <span class='ocr_line' id='line_1_7' title="bbox 221 940 1347 1002; baseline -0.002 -16"><span class='ocrx_word' id='word_1_42' title='bbox 221 955 283 986; x_wconf 89' lang='lat' dir='ltr'>mum</span> <span class='ocrx_word' id='word_1_43' title='bbox 294 942 409 1000; x_wconf 88' lang='lat' dir='ltr'>quondam</span> <span class='ocrx_word' id='word_1_44' title='bbox 421 955 507 1000; x_wconf 82' lang='lat' dir='ltr'>regem,</span> <span class='ocrx_word' id='word_1_45' title='bbox 526 941 594 988; x_wconf 88' lang='lat' dir='ltr'>modo</span> <span class='ocrx_word' id='word_1_46' title='bbox 611 943 738 1002; x_wconf 90' lang='lat' dir='ltr'>principem</span> <span class='ocrx_word' id='word_1_47' title='bbox 753 942 839 988; x_wconf 86' lang='lat' dir='ltr'>lactum</span> <span class='ocrx_word' id='word_1_48' title='bbox 852 943 874 987; x_wconf 89' lang='lat' dir='ltr'>et</span> <span class='ocrx_word' id='word_1_49' title='bbox 885 941 964 1002; x_wconf 85' lang='lat' dir='ltr'>plures</span> <span class='ocrx_word' id='word_1_50' title='bbox 976 944 1070 990; x_wconf 86' lang='lat' dir='ltr'>comites</span> <span class='ocrx_word' id='word_1_51' title='bbox 1083 945 1106 990; x_wconf 88' lang='lat' dir='ltr'>et</span> <span class='ocrx_word' id='word_1_52' title='bbox 1118 943 1182 1000; x_wconf 77' lang='lat' dir='ltr'>regui</span> <span class='ocrx_word' id='word_1_53' title='bbox 1193 942 1310 998; x_wconf 86' lang='lat' dir='ltr'>magnates</span> <span class='ocrx_word' id='word_1_54' title='bbox 1321 940 1347 984; x_wconf 92' lang='lat' dir='ltr'>in</span> 
     </span>
     <span class='ocr_line' id='line_1_8' title="bbox 221 1017 430 1064; baseline 0 -2"><span class='ocrx_word' id='word_1_55' title='bbox 221 1017 314 1062; x_wconf 89' lang='lat' dir='ltr'>vincula</span> <span class='ocrx_word' id='word_1_56' title='bbox 326 1018 430 1064; x_wconf 89' lang='lat' dir='ltr'>coniecit.</span> 
     </span>
    </p>

    <p class='ocr_par' dir='ltr' id='par_1_5' title="bbox 222 1093 1347 1384">
     <span class='ocr_line' id='line_1_9' title="bbox 290 1093 1347 1154; baseline -0.002 -14"><span class='ocrx_word' id='word_1_57' title='bbox 290 1095 354 1140; x_wconf 86' lang='lat' dir='ltr'>Rich.</span> <span class='ocrx_word' id='word_1_58' title='bbox 368 1095 391 1140; x_wconf 89' lang='lat' dir='ltr'>S.</span> <span class='ocrx_word' id='word_1_59' title='bbox 405 1096 491 1144; x_wconf 83' lang='lat' dir='ltr'>Germ:</span> <span class='ocrx_word' id='word_1_60' title='bbox 504 1095 529 1138; x_wconf 93' lang='lat' dir='ltr'>in</span> <span class='ocrx_word' id='word_1_61' title='bbox 541 1093 673 1139; x_wconf 86' lang='lat' dir='ltr'>dienatalis</span> <span class='ocrx_word' id='word_1_62' title='bbox 687 1095 747 1140; x_wconf 91' lang='lat' dir='ltr'>dom.</span> <span class='ocrx_word' id='word_1_63' title='bbox 760 1109 841 1153; x_wconf 86' lang='lat' dir='ltr'>regens</span> <span class='ocrx_word' id='word_1_64' title='bbox 854 1097 960 1142; x_wconf 76' lang='lat' dir='ltr'>Panormi</span> <span class='ocrx_word' id='word_1_65' title='bbox 973 1097 1059 1142; x_wconf 89' lang='lat' dir='ltr'>curiam</span> <span class='ocrx_word' id='word_1_66' title='bbox 1072 1095 1208 1154; x_wconf 79' lang='lat' dir='ltr'>generalem,</span> <span class='ocrx_word' id='word_1_67' title='bbox 1221 1093 1347 1154; x_wconf 77' lang='lat' dir='ltr'>praefatam</span> 
     </span>
     <span class='ocr_line' id='line_1_10' title="bbox 222 1169 1346 1232; baseline -0.002 -16"><span class='ocrx_word' id='word_1_68' title='bbox 222 1171 331 1228; x_wconf 76' lang='lat' dir='ltr'>Reginam</span> <span class='ocrx_word' id='word_1_69' title='bbox 344 1171 451 1216; x_wconf 85' lang='lat' dir='ltr'>attilium</span> <span class='ocrx_word' id='word_1_70' title='bbox 464 1172 512 1216; x_wconf 88' lang='lat' dir='ltr'>eius</span> <span class='ocrx_word' id='word_1_71' title='bbox 525 1183 614 1215; x_wconf 80' lang='lat' dir='ltr'>necnon</span> <span class='ocrx_word' id='word_1_72' title='bbox 627 1173 650 1215; x_wconf 90' lang='lat' dir='ltr'>et</span> <span class='ocrx_word' id='word_1_73' title='bbox 661 1171 719 1217; x_wconf 85' lang='lat' dir='ltr'>alios</span> <span class='ocrx_word' id='word_1_74' title='bbox 736 1172 883 1232; x_wconf 81' lang='lat' dir='ltr'>quamplures</span> <span class='ocrx_word' id='word_1_75' title='bbox 895 1173 1012 1232; x_wconf 85' lang='lat' dir='ltr'>praesules</span> <span class='ocrx_word' id='word_1_76' title='bbox 1025 1175 1048 1218; x_wconf 89' lang='lat' dir='ltr'>et</span> <span class='ocrx_word' id='word_1_77' title='bbox 1064 1173 1158 1217; x_wconf 89' lang='lat' dir='ltr'>comites</span> <span class='ocrx_word' id='word_1_78' title='bbox 1171 1171 1245 1229; x_wconf 82' lang='lat' dir='ltr'>regni,</span> <span class='ocrx_word' id='word_1_79' title='bbox 1264 1169 1346 1229; x_wconf 89' lang='lat' dir='ltr'>quibus</span> 
     </span>
     <span class='ocr_line' id='line_1_11' title="bbox 223 1245 1346 1309; baseline -0.001 -17"><span class='ocrx_word' id='word_1_80' title='bbox 223 1247 359 1306; x_wconf 79' lang='lat' dir='ltr'>proditionis</span> <span class='ocrx_word' id='word_1_81' title='bbox 372 1249 449 1292; x_wconf 73' lang='lat' dir='ltr'>nomm</span> <span class='ocrx_word' id='word_1_82' title='bbox 460 1245 602 1305; x_wconf 84' lang='lat' dir='ltr'>imponebat,</span> <span class='ocrx_word' id='word_1_83' title='bbox 620 1247 705 1294; x_wconf 89' lang='lat' dir='ltr'>iudicio</span> <span class='ocrx_word' id='word_1_84' title='bbox 717 1248 780 1294; x_wconf 90' lang='lat' dir='ltr'>Petri</span> <span class='ocrx_word' id='word_1_85' title='bbox 793 1249 886 1294; x_wconf 87' lang='lat' dir='ltr'>Gaeiani</span> <span class='ocrx_word' id='word_1_86' title='bbox 904 1250 993 1296; x_wconf 87' lang='lat' dir='ltr'>comitis</span> <span class='ocrx_word' id='word_1_87' title='bbox 1006 1250 1057 1309; x_wconf 90' lang='lat' dir='ltr'>capi</span> <span class='ocrx_word' id='word_1_88' title='bbox 1068 1248 1124 1294; x_wconf 88' lang='lat' dir='ltr'>fecit</span> <span class='ocrx_word' id='word_1_89' title='bbox 1135 1250 1158 1292; x_wconf 86' lang='lat' dir='ltr'>et</span> <span class='ocrx_word' id='word_1_90' title='bbox 1169 1262 1198 1292; x_wconf 83' lang='lat' dir='ltr'>ex</span> <span class='ocrx_word' id='word_1_91' title='bbox 1209 1247 1265 1306; x_wconf 87' lang='lat' dir='ltr'>ipsis</span> <span class='ocrx_word' id='word_1_92' title='bbox 1278 1259 1346 1306; x_wconf 88' lang='lat' dir='ltr'>quos-</span> 
     </span>
     <span class='ocr_line' id='line_1_12' title="bbox 224 1323 1230 1384; baseline 0 -16"><span class='ocrx_word' id='word_1_93' title='bbox 224 1323 276 1368; x_wconf 90' lang='lat' dir='ltr'>dam</span> <span class='ocrx_word' id='word_1_94' title='bbox 289 1324 389 1379; x_wconf 88' lang='lat' dir='ltr'>orbavit,</span> <span class='ocrx_word' id='word_1_95' title='bbox 403 1337 425 1382; x_wconf 90' lang='lat' dir='ltr'>q.</span> <span class='ocrx_word' id='word_1_96' title='bbox 438 1323 556 1378; x_wconf 90' lang='lat' dir='ltr'>incendio,</span> <span class='ocrx_word' id='word_1_97' title='bbox 569 1336 592 1381; x_wconf 87' lang='lat' dir='ltr'>q.</span> <span class='ocrx_word' id='word_1_98' title='bbox 605 1325 729 1382; x_wconf 88' lang='lat' dir='ltr'>suspendio</span> <span class='ocrx_word' id='word_1_99' title='bbox 742 1328 799 1384; x_wconf 87' lang='lat' dir='ltr'>et-q.</span> <span class='ocrx_word' id='word_1_100' title='bbox 812 1326 837 1370; x_wconf 90' lang='lat' dir='ltr'>in</span> <span class='ocrx_word' id='word_1_101' title='bbox 848 1325 1006 1370; x_wconf 83' lang='lat' dir='ltr'>Alamanniam</span> <span class='ocrx_word' id='word_1_102' title='bbox 1019 1325 1086 1370; x_wconf 81' lang='lat' dir='ltr'>exilio</span> <span class='ocrx_word' id='word_1_103' title='bbox 1099 1324 1230 1370; x_wconf 87' lang='lat' dir='ltr'>destinavit.</span> 
     </span>
    </p>

    <p class='ocr_par' dir='ltr' id='par_1_6' title="bbox 293 1399 1051 1460">
     <span class='ocr_line' id='line_1_13' title="bbox 293 1399 1051 1460; baseline 0.004 -17"><span class='ocrx_word' id='word_1_104' title='bbox 293 1399 413 1444; x_wconf 84' lang='lat' dir='ltr'>Sicardus:</span> <span class='ocrx_word' id='word_1_105' title='bbox 427 1399 574 1456; x_wconf 85' lang='lat' dir='ltr'>Margaritum</span> <span class='ocrx_word' id='word_1_106' title='bbox 586 1413 722 1456; x_wconf 80' lang='lat' dir='ltr'>excoecans,</span> <span class='ocrx_word' id='word_1_107' title='bbox 736 1404 759 1446; x_wconf 93' lang='lat' dir='ltr'>et</span> <span class='ocrx_word' id='word_1_108' title='bbox 771 1415 828 1460; x_wconf 90' lang='lat' dir='ltr'>quos</span> <span class='ocrx_word' id='word_1_109' title='bbox 841 1400 914 1446; x_wconf 88' lang='lat' dir='ltr'>voluit</span> <span class='ocrx_word' id='word_1_110' title='bbox 926 1401 1051 1460; x_wconf 87' lang='lat' dir='ltr'>captitavit.</span> 
     </span>
    </p>

    <p class='ocr_par' dir='ltr' id='par_1_7' title="bbox 224 1474 1346 1612">
     <span class='ocr_line' id='line_1_14' title="bbox 290 1474 1346 1536; baseline -0.001 -16"><span class='ocrx_word' id='word_1_111' title='bbox 290 1475 395 1534; x_wconf 86' lang='lat' dir='ltr'>Appeud.</span> <span class='ocrx_word' id='word_1_112' title='bbox 408 1476 438 1521; x_wconf 85' lang='lat' dir='ltr'>ad</span> <span class='ocrx_word' id='word_1_113' title='bbox 450 1474 557 1520; x_wconf 83' lang='lat' dir='ltr'>Gauired.</span> <span class='ocrx_word' id='word_1_114' title='bbox 570 1475 652 1521; x_wconf 86' lang='lat' dir='ltr'>Malat:</span> <span class='ocrx_word' id='word_1_115' title='bbox 670 1477 694 1522; x_wconf 92' lang='lat' dir='ltr'>in</span> <span class='ocrx_word' id='word_1_116' title='bbox 711 1480 792 1536; x_wconf 88' lang='lat' dir='ltr'>quarto</span> <span class='ocrx_word' id='word_1_117' title='bbox 810 1478 847 1523; x_wconf 88' lang='lat' dir='ltr'>die</span> <span class='ocrx_word' id='word_1_118' title='bbox 863 1480 917 1536; x_wconf 89' lang='lat' dir='ltr'>post</span> <span class='ocrx_word' id='word_1_119' title='bbox 932 1476 1017 1522; x_wconf 87' lang='lat' dir='ltr'>festum</span> <span class='ocrx_word' id='word_1_120' title='bbox 1032 1477 1102 1522; x_wconf 86' lang='lat' dir='ltr'>nativ.</span> <span class='ocrx_word' id='word_1_121' title='bbox 1121 1478 1181 1522; x_wconf 92' lang='lat' dir='ltr'>dom.</span> <span class='ocrx_word' id='word_1_122' title='bbox 1199 1476 1260 1535; x_wconf 89' lang='lat' dir='ltr'>cepit</span> <span class='ocrx_word' id='word_1_123' title='bbox 1272 1489 1346 1532; x_wconf 80' lang='lat' dir='ltr'>regem</span> 
     </span>
     <span class='ocr_line' id='line_1_15' title="bbox 224 1551 1077 1612; baseline 0.002 -16"><span class='ocrx_word' id='word_1_124' title='bbox 224 1551 250 1596; x_wconf 90' lang='lat' dir='ltr'>G.</span> <span class='ocrx_word' id='word_1_125' title='bbox 263 1552 413 1610; x_wconf 86' lang='lat' dir='ltr'>quantitatem</span> <span class='ocrx_word' id='word_1_126' title='bbox 427 1552 533 1598; x_wconf 88' lang='lat' dir='ltr'>comitum</span> <span class='ocrx_word' id='word_1_127' title='bbox 546 1554 569 1598; x_wconf 92' lang='lat' dir='ltr'>ct</span> <span class='ocrx_word' id='word_1_128' title='bbox 580 1551 690 1598; x_wconf 85' lang='lat' dir='ltr'>baronum</span> <span class='ocrx_word' id='word_1_129' title='bbox 701 1554 768 1599; x_wconf 88' lang='lat' dir='ltr'>istius</span> <span class='ocrx_word' id='word_1_130' title='bbox 780 1555 844 1612; x_wconf 81' lang='lat' dir='ltr'>regni</span> <span class='ocrx_word' id='word_1_131' title='bbox 856 1557 878 1599; x_wconf 91' lang='lat' dir='ltr'>et</span> <span class='ocrx_word' id='word_1_132' title='bbox 890 1554 1018 1600; x_wconf 87' lang='lat' dir='ltr'>devastavit</span> <span class='ocrx_word' id='word_1_133' title='bbox 1030 1567 1077 1600; x_wconf 90' lang='lat' dir='ltr'>eos.</span> 
     </span>
    </p>

    <p class='ocr_par' dir='ltr' id='par_1_8' title="bbox 222 1625 1346 1762">
     <span class='ocr_line' id='line_1_16' title="bbox 290 1625 1346 1690; baseline 0 -18"><span class='ocrx_word' id='word_1_134' title='bbox 290 1628 351 1673; x_wconf 76' lang='lat' dir='ltr'>Anu.</span> <span class='ocrx_word' id='word_1_135' title='bbox 358 1628 453 1673; x_wconf 81' lang='lat' dir='ltr'>Gavens.</span> <span class='ocrx_word' id='word_1_136' title='bbox 461 1625 501 1684; x_wconf 83' lang='lat' dir='ltr'>(M.</span> <span class='ocrx_word' id='word_1_137' title='bbox 509 1627 569 1673; x_wconf 85' lang='lat' dir='ltr'>GV.</span> <span class='ocrx_word' id='word_1_138' title='bbox 578 1627 644 1686; x_wconf 74' lang='lat'>193.)</span> <span class='ocrx_word' id='word_1_139' title='bbox 658 1631 719 1690; x_wconf 88' lang='lat' dir='ltr'>capit</span> <span class='ocrx_word' id='word_1_140' title='bbox 730 1629 766 1675; x_wconf 90' lang='lat' dir='ltr'>W.</span> <span class='ocrx_word' id='word_1_141' title='bbox 778 1643 845 1688; x_wconf 91' lang='lat' dir='ltr'>quem</span> <span class='ocrx_word' id='word_1_142' title='bbox 857 1629 958 1675; x_wconf 83' lang='lat' dir='ltr'>fecerant</span> <span class='ocrx_word' id='word_1_143' title='bbox 969 1643 1046 1686; x_wconf 77' lang='lat' dir='ltr'>regem</span> <span class='ocrx_word' id='word_1_144' title='bbox 1058 1633 1081 1675; x_wconf 90' lang='lat' dir='ltr'>et</span> <span class='ocrx_word' id='word_1_145' title='bbox 1089 1633 1184 1676; x_wconf 86' lang='lat' dir='ltr'>matrem</span> <span class='ocrx_word' id='word_1_146' title='bbox 1193 1629 1241 1675; x_wconf 92' lang='lat' dir='ltr'>eius</span> <span class='ocrx_word' id='word_1_147' title='bbox 1251 1631 1275 1673; x_wconf 89' lang='lat' dir='ltr'>et</span> <span class='ocrx_word' id='word_1_148' title='bbox 1284 1641 1346 1674; x_wconf 90' lang='lat' dir='ltr'>soro·</span> 
     </span>
     <span class='ocr_line' id='line_1_17' title="bbox 222 1703 1306 1762; baseline 0 -14"><span class='ocrx_word' id='word_1_149' title='bbox 222 1717 259 1748; x_wconf 86' lang='lat' dir='ltr'>res</span> <span class='ocrx_word' id='word_1_150' title='bbox 272 1706 295 1748; x_wconf 93' lang='lat' dir='ltr'>et</span> <span class='ocrx_word' id='word_1_151' title='bbox 307 1717 388 1762; x_wconf 88' lang='lat' dir='ltr'>aepum</span> <span class='ocrx_word' id='word_1_152' title='bbox 401 1704 488 1749; x_wconf 88' lang='lat' dir='ltr'>Salarn.</span> <span class='ocrx_word' id='word_1_153' title='bbox 502 1706 525 1748; x_wconf 87' lang='lat' dir='ltr'>et</span> <span class='ocrx_word' id='word_1_154' title='bbox 536 1703 618 1750; x_wconf 85' lang='lat' dir='ltr'>iratres</span> <span class='ocrx_word' id='word_1_155' title='bbox 631 1705 678 1750; x_wconf 87' lang='lat' dir='ltr'>eius</span> <span class='ocrx_word' id='word_1_156' title='bbox 692 1708 714 1750; x_wconf 89' lang='lat' dir='ltr'>et</span> <span class='ocrx_word' id='word_1_157' title='bbox 727 1705 811 1752; x_wconf 90' lang='lat' dir='ltr'>multos</span> <span class='ocrx_word' id='word_1_158' title='bbox 824 1705 881 1751; x_wconf 90' lang='lat' dir='ltr'>alios</span> <span class='ocrx_word' id='word_1_159' title='bbox 894 1708 917 1750; x_wconf 90' lang='lat' dir='ltr'>et</span> <span class='ocrx_word' id='word_1_160' title='bbox 928 1706 1017 1750; x_wconf 89' lang='lat' dir='ltr'>vinctos</span> <span class='ocrx_word' id='word_1_161' title='bbox 1030 1705 1095 1751; x_wconf 76' lang='lat' dir='ltr'>duxit</span> <span class='ocrx_word' id='word_1_162' title='bbox 1107 1720 1185 1751; x_wconf 91' lang='lat' dir='ltr'>secum</span> <span class='ocrx_word' id='word_1_163' title='bbox 1197 1705 1222 1750; x_wconf 92' lang='lat' dir='ltr'>in</span> <span class='ocrx_word' id='word_1_164' title='bbox 1234 1705 1306 1750; x_wconf 87' lang='lat' dir='ltr'>Alcm.</span> 
     </span>
    </p>

    <p class='ocr_par' dir='ltr' id='par_1_9' title="bbox 222 1773 1347 2148">
     <span class='ocr_line' id='line_1_18' title="bbox 290 1773 1347 1842; baseline 0.003 -21"><span class='ocrx_word' id='word_1_165' title='bbox 290 1773 416 1824; x_wconf 67' lang='lat' dir='ltr'>ductores</span> <span class='ocrx_word' id='word_1_166' title='bbox 429 1773 521 1824; x_wconf 79' lang='lat' dir='ltr'>Italici</span> <span class='ocrx_word' id='word_1_167' title='bbox 534 1773 646 1824; x_wconf 81' lang='lat' dir='ltr'>Henra&#39;eo</span> <span class='ocrx_word' id='word_1_168' title='bbox 658 1778 759 1842; x_wconf 71' lang='lat' dir='ltr'>insisti:</span> <span class='ocrx_word' id='word_1_169' title='bbox 782 1781 866 1828; x_wconf 88' lang='lat' dir='ltr'>Gbron.</span> <span class='ocrx_word' id='word_1_170' title='bbox 878 1781 944 1827; x_wconf 87' lang='lat' dir='ltr'>Foss.</span> <span class='ocrx_word' id='word_1_171' title='bbox 958 1795 1026 1826; x_wconf 76' lang='lat' dir='ltr'>nov:</span> <span class='ocrx_word' id='word_1_172' title='bbox 1044 1796 1086 1840; x_wconf 89' lang='lat' dir='ltr'>per</span> <span class='ocrx_word' id='word_1_173' title='bbox 1102 1783 1244 1828; x_wconf 83' lang='lat' dir='ltr'>sacramenta</span> <span class='ocrx_word' id='word_1_174' title='bbox 1255 1779 1347 1838; x_wconf 83' lang='lat' dir='ltr'>decepit</span> 
     </span>
     <span class='ocr_line' id='line_1_19' title="bbox 224 1857 1347 1917; baseline -0.002 -15"><span class='ocrx_word' id='word_1_175' title='bbox 224 1871 300 1914; x_wconf 82' lang='lat' dir='ltr'>regem</span> <span class='ocrx_word' id='word_1_176' title='bbox 318 1860 341 1902; x_wconf 90' lang='lat' dir='ltr'>et</span> <span class='ocrx_word' id='word_1_177' title='bbox 358 1871 436 1904; x_wconf 90' lang='lat' dir='ltr'>omnes</span> <span class='ocrx_word' id='word_1_178' title='bbox 453 1857 548 1902; x_wconf 75' lang='lat' dir='ltr'>concites</span> <span class='ocrx_word' id='word_1_179' title='bbox 565 1860 587 1902; x_wconf 90' lang='lat' dir='ltr'>et</span> <span class='ocrx_word' id='word_1_180' title='bbox 603 1859 681 1917; x_wconf 89' lang='lat' dir='ltr'>posuit</span> <span class='ocrx_word' id='word_1_181' title='bbox 697 1872 736 1904; x_wconf 93' lang='lat' dir='ltr'>eos</span> <span class='ocrx_word' id='word_1_182' title='bbox 753 1859 777 1904; x_wconf 90' lang='lat' dir='ltr'>in</span> <span class='ocrx_word' id='word_1_183' title='bbox 792 1859 890 1905; x_wconf 90' lang='lat' dir='ltr'>vinculis</span> <span class='ocrx_word' id='word_1_184' title='bbox 908 1861 931 1904; x_wconf 92' lang='lat' dir='ltr'>et</span> <span class='ocrx_word' id='word_1_185' title='bbox 947 1859 971 1904; x_wconf 90' lang='lat' dir='ltr'>in</span> <span class='ocrx_word' id='word_1_186' title='bbox 986 1858 1107 1916; x_wconf 83' lang='lat' dir='ltr'>ergastulis</span> <span class='ocrx_word' id='word_1_187' title='bbox 1120 1860 1143 1904; x_wconf 88' lang='lat' dir='ltr'>et</span> <span class='ocrx_word' id='word_1_188' title='bbox 1155 1871 1221 1904; x_wconf 85' lang='lat' dir='ltr'>omne</span> <span class='ocrx_word' id='word_1_189' title='bbox 1233 1870 1313 1902; x_wconf 88' lang='lat' dir='ltr'>aurum</span> <span class='ocrx_word' id='word_1_190' title='bbox 1324 1857 1347 1900; x_wconf 91' lang='lat' dir='ltr'>at</span> 
     </span>
     <span class='ocr_line' id='line_1_20' title="bbox 223 1934 1347 1996; baseline -0.002 -18"><span class='ocrx_word' id='word_1_191' title='bbox 223 1936 353 1992; x_wconf 85' lang='lat' dir='ltr'>argentum,</span> <span class='ocrx_word' id='word_1_192' title='bbox 371 1934 433 1992; x_wconf 93' lang='lat' dir='ltr'>quod</span> <span class='ocrx_word' id='word_1_193' title='bbox 451 1934 478 1978; x_wconf 90' lang='lat' dir='ltr'>dc</span> <span class='ocrx_word' id='word_1_194' title='bbox 491 1947 560 1992; x_wconf 82' lang='lat' dir='ltr'>regno</span> <span class='ocrx_word' id='word_1_195' title='bbox 577 1935 607 1980; x_wconf 89' lang='lat' dir='ltr'>ad</span> <span class='ocrx_word' id='word_1_196' title='bbox 618 1949 698 1980; x_wconf 86' lang='lat' dir='ltr'>manns</span> <span class='ocrx_word' id='word_1_197' title='bbox 715 1935 799 1981; x_wconf 87' lang='lat' dir='ltr'>habere</span> <span class='ocrx_word' id='word_1_198' title='bbox 815 1937 903 1994; x_wconf 89' lang='lat' dir='ltr'>potuit,</span> <span class='ocrx_word' id='word_1_199' title='bbox 922 1936 1067 1993; x_wconf 81' lang='lat' dir='ltr'>congregavit</span> <span class='ocrx_word' id='word_1_200' title='bbox 1083 1938 1107 1980; x_wconf 86' lang='lat' dir='ltr'>et</span> <span class='ocrx_word' id='word_1_201' title='bbox 1122 1949 1163 1996; x_wconf 88' lang='lat' dir='ltr'>per</span> <span class='ocrx_word' id='word_1_202' title='bbox 1179 1937 1251 1978; x_wconf 88' lang='lat' dir='ltr'>terras</span> <span class='ocrx_word' id='word_1_203' title='bbox 1268 1935 1291 1978; x_wconf 87' lang='lat' dir='ltr'>et</span> <span class='ocrx_word' id='word_1_204' title='bbox 1307 1946 1347 1991; x_wconf 89' lang='lat' dir='ltr'>per</span> 
     </span>
     <span class='ocr_line' id='line_1_21' title="bbox 222 2008 1347 2070; baseline -0.002 -14"><span class='ocrx_word' id='word_1_205' title='bbox 222 2025 284 2056; x_wconf 91' lang='lat' dir='ltr'>mare</span> <span class='ocrx_word' id='word_1_206' title='bbox 296 2011 320 2056; x_wconf 92' lang='lat' dir='ltr'>in</span> <span class='ocrx_word' id='word_1_207' title='bbox 332 2011 368 2056; x_wconf 86' lang='lat' dir='ltr'>Al.</span> <span class='ocrx_word' id='word_1_208' title='bbox 382 2011 455 2064; x_wconf 90' lang='lat' dir='ltr'>misit,</span> <span class='ocrx_word' id='word_1_209' title='bbox 474 2011 590 2056; x_wconf 88' lang='lat' dir='ltr'>deducens</span> <span class='ocrx_word' id='word_1_210' title='bbox 607 2025 683 2057; x_wconf 89' lang='lat' dir='ltr'>secum</span> <span class='ocrx_word' id='word_1_211' title='bbox 696 2011 778 2070; x_wconf 87' lang='lat' dir='ltr'>ligatos</span> <span class='ocrx_word' id='word_1_212' title='bbox 795 2025 870 2069; x_wconf 83' lang='lat' dir='ltr'>regem</span> <span class='ocrx_word' id='word_1_213' title='bbox 882 2011 905 2056; x_wconf 86' lang='lat' dir='ltr'>et</span> <span class='ocrx_word' id='word_1_214' title='bbox 917 2012 1011 2056; x_wconf 90' lang='lat' dir='ltr'>comites</span> <span class='ocrx_word' id='word_1_215' title='bbox 1024 2013 1046 2056; x_wconf 92' lang='lat' dir='ltr'>et</span> <span class='ocrx_word' id='word_1_216' title='bbox 1058 2010 1237 2070; x_wconf 87' lang='lat' dir='ltr'>quamplurimos</span> <span class='ocrx_word' id='word_1_217' title='bbox 1254 2008 1311 2054; x_wconf 90' lang='lat' dir='ltr'>alios</span> <span class='ocrx_word' id='word_1_218' title='bbox 1323 2008 1347 2054; x_wconf 89' lang='lat' dir='ltr'>in</span> 
     </span>
     <span class='ocr_line' id='line_1_22' title="bbox 224 2089 1166 2148; baseline -0.007 -14"><span class='ocrx_word' id='word_1_219' title='bbox 224 2089 387 2148; x_wconf 87' lang='lat' dir='ltr'>captivitatem.</span> <span class='ocrx_word' id='word_1_220' title='bbox 1164 2145 1166 2148; x_wconf 22' lang='grc' dir='ltr'>Ι</span> 
     </span>
    </p>

    <p class='ocr_par' dir='ltr' id='par_1_10' title="bbox 224 2162 1349 2452">
     <span class='ocr_line' id='line_1_23' title="bbox 291 2162 1348 2228; baseline -0.005 -18"><span class='ocrx_word' id='word_1_221' title='bbox 291 2165 352 2210; x_wconf 89' lang='lat' dir='ltr'>Mon.</span> <span class='ocrx_word' id='word_1_222' title='bbox 367 2163 444 2210; x_wconf 79' lang='lat' dir='ltr'>Gaas:</span> <span class='ocrx_word' id='word_1_223' title='bbox 462 2163 562 2209; x_wconf 85' lang='lat' dir='ltr'>ostensis</span> <span class='ocrx_word' id='word_1_224' title='bbox 579 2162 622 2208; x_wconf 90' lang='lat' dir='ltr'>sibi</span> <span class='ocrx_word' id='word_1_225' title='bbox 633 2163 721 2210; x_wconf 86' lang='lat' dir='ltr'>fictitiis</span> <span class='ocrx_word' id='word_1_226' title='bbox 737 2163 821 2210; x_wconf 88' lang='lat' dir='ltr'>litteris</span> <span class='ocrx_word' id='word_1_227' title='bbox 833 2167 856 2210; x_wconf 90' lang='lat' dir='ltr'>et</span> <span class='ocrx_word' id='word_1_228' title='bbox 872 2163 988 2210; x_wconf 83' lang='lat' dir='ltr'>mendosis</span> <span class='ocrx_word' id='word_1_229' title='bbox 1006 2166 1085 2228; x_wconf 83' lang='lat' dir='ltr'>contra</span> <span class='ocrx_word' id='word_1_230' title='bbox 1097 2163 1200 2208; x_wconf 74' lang='lat' dir='ltr'>sibiliam</span> <span class='ocrx_word' id='word_1_231' title='bbox 1212 2162 1313 2219; x_wconf 82' lang='lat' dir='ltr'>reginam</span> <span class='ocrx_word' id='word_1_232' title='bbox 1324 2163 1348 2205; x_wconf 89' lang='lat' dir='ltr'>et</span> 
     </span>
     <span class='ocr_line' id='line_1_24' title="bbox 224 2238 1347 2299; baseline -0.004 -13"><span class='ocrx_word' id='word_1_233' title='bbox 224 2241 309 2286; x_wconf 88' lang='lat' dir='ltr'>dictum</span> <span class='ocrx_word' id='word_1_234' title='bbox 322 2242 381 2287; x_wconf 90' lang='lat' dir='ltr'>Guil.</span> <span class='ocrx_word' id='word_1_235' title='bbox 394 2241 467 2286; x_wconf 89' lang='lat' dir='ltr'>filium</span> <span class='ocrx_word' id='word_1_236' title='bbox 485 2239 533 2284; x_wconf 90' lang='lat' dir='ltr'>eius</span> <span class='ocrx_word' id='word_1_237' title='bbox 551 2241 619 2298; x_wconf 90' lang='lat' dir='ltr'>atqua</span> <span class='ocrx_word' id='word_1_238' title='bbox 636 2239 694 2285; x_wconf 88' lang='lat' dir='ltr'>alios</span> <span class='ocrx_word' id='word_1_239' title='bbox 713 2241 753 2299; x_wconf 93' lang='lat' dir='ltr'>qui</span> <span class='ocrx_word' id='word_1_240' title='bbox 769 2254 794 2285; x_wconf 88' lang='lat' dir='ltr'>se</span> <span class='ocrx_word' id='word_1_241' title='bbox 810 2241 958 2286; x_wconf 86' lang='lat' dir='ltr'>reddiderant</span> <span class='ocrx_word' id='word_1_242' title='bbox 974 2241 994 2286; x_wconf 90' lang='lat' dir='ltr'>ei</span> <span class='ocrx_word' id='word_1_243' title='bbox 1006 2242 1029 2285; x_wconf 90' lang='lat' dir='ltr'>et</span> <span class='ocrx_word' id='word_1_244' title='bbox 1041 2239 1123 2298; x_wconf 88' lang='lat' dir='ltr'>quihus</span> <span class='ocrx_word' id='word_1_245' title='bbox 1135 2240 1185 2298; x_wconf 91' lang='lat' dir='ltr'>ipse</span> <span class='ocrx_word' id='word_1_246' title='bbox 1198 2241 1221 2283; x_wconf 90' lang='lat' dir='ltr'>at</span> <span class='ocrx_word' id='word_1_247' title='bbox 1231 2238 1347 2296; x_wconf 90' lang='lat' dir='ltr'>principes</span> 
     </span>
     <span class='ocr_line' id='line_1_25' title="bbox 224 2305 1349 2376; baseline -0.004 -14"><span class='ocrx_word' id='word_1_248' title='bbox 224 2319 272 2363; x_wconf 86' lang='lat' dir='ltr'>eius</span> <span class='ocrx_word' id='word_1_249' title='bbox 285 2331 362 2364; x_wconf 90' lang='lat' dir='ltr'>omnes</span> <span class='ocrx_word' id='word_1_250' title='bbox 374 2318 505 2363; x_wconf 87' lang='lat' dir='ltr'>iuraverant</span> <span class='ocrx_word' id='word_1_251' title='bbox 516 2329 606 2360; x_wconf 88' lang='lat' dir='ltr'>servare</span> <span class='ocrx_word' id='word_1_252' title='bbox 618 2315 699 2370; x_wconf 90' lang='lat' dir='ltr'>fidem,</span> <span class='ocrx_word' id='word_1_253' title='bbox 717 2305 792 2361; x_wconf 89' lang='lat' dir='ltr'>subito</span> <span class='ocrx_word' id='word_1_254' title='bbox 810 2317 871 2374; x_wconf 90' lang='lat' dir='ltr'>cepit</span> <span class='ocrx_word' id='word_1_255' title='bbox 887 2329 978 2371; x_wconf 88' lang='lat' dir='ltr'>omnes,</span> <span class='ocrx_word' id='word_1_256' title='bbox 997 2329 1054 2376; x_wconf 89' lang='lat' dir='ltr'>quos</span> <span class='ocrx_word' id='word_1_257' title='bbox 1072 2317 1096 2361; x_wconf 91' lang='lat' dir='ltr'>in</span> <span class='ocrx_word' id='word_1_258' title='bbox 1108 2316 1144 2361; x_wconf 87' lang='lat' dir='ltr'>Al.</span> <span class='ocrx_word' id='word_1_259' title='bbox 1158 2315 1224 2360; x_wconf 80' lang='lat' dir='ltr'>duxit</span> <span class='ocrx_word' id='word_1_260' title='bbox 1236 2317 1259 2359; x_wconf 91' lang='lat' dir='ltr'>et</span> <span class='ocrx_word' id='word_1_261' title='bbox 1271 2327 1349 2359; x_wconf 86' lang='lat' dir='ltr'>eorum</span> 
     </span>
     <span class='ocr_line' id='line_1_26' title="bbox 224 2393 471 2452; baseline 0 -15"><span class='ocrx_word' id='word_1_262' title='bbox 224 2393 333 2452; x_wconf 91' lang='lat' dir='ltr'>plurimos</span> <span class='ocrx_word' id='word_1_263' title='bbox 346 2393 471 2439; x_wconf 82' lang='lat' dir='ltr'>exorbavit.</span> 
     </span>
    </p>

    <p class='ocr_par' dir='ltr' id='par_1_11' title="bbox 296 2463 459 2516">
     <span class='ocr_line' id='line_1_27' title="bbox 296 2463 459 2516; baseline -0.006 -3"><span class='ocrx_word' id='word_1_264' title='bbox 296 2463 445 2516; x_wconf 72' lang='lat' dir='ltr'>&#39;sicutenim&#39;</span> <span class='ocrx_word' id='word_1_265' title='bbox 451 2482 459 2512; x_wconf 76' lang='lat'>.-</span> 
     </span>
    </p>

    <p class='ocr_par' dir='ltr' id='par_1_12' title="bbox 224 2544 1349 2684">
     <span class='ocr_line' id='line_1_28' title="bbox 291 2544 1349 2608; baseline -0.004 -14"><span class='ocrx_word' id='word_1_266' title='bbox 291 2549 350 2594; x_wconf 79' lang='lat' dir='ltr'>Ann.</span> <span class='ocrx_word' id='word_1_267' title='bbox 367 2549 460 2608; x_wconf 82' lang='lat' dir='ltr'>Aquic:</span> <span class='ocrx_word' id='word_1_268' title='bbox 480 2546 591 2592; x_wconf 81' lang='lat' dir='ltr'>Primates</span> <span class='ocrx_word' id='word_1_269' title='bbox 608 2544 671 2590; x_wconf 93' lang='lat' dir='ltr'>illius</span> <span class='ocrx_word' id='word_1_270' title='bbox 688 2545 799 2603; x_wconf 83' lang='lat' dir='ltr'>regionis,</span> <span class='ocrx_word' id='word_1_271' title='bbox 822 2545 861 2604; x_wconf 80' lang='lat' dir='ltr'>qui</span> <span class='ocrx_word' id='word_1_272' title='bbox 879 2547 959 2592; x_wconf 85' lang='lat' dir='ltr'>contra</span> <span class='ocrx_word' id='word_1_273' title='bbox 975 2559 1026 2592; x_wconf 88' lang='lat' dir='ltr'>eum</span> <span class='ocrx_word' id='word_1_274' title='bbox 1043 2547 1219 2592; x_wconf 88' lang='lat' dir='ltr'>coniuraverunt</span> <span class='ocrx_word' id='word_1_275' title='bbox 1239 2547 1263 2591; x_wconf 88' lang='lat' dir='ltr'>et</span> <span class='ocrx_word' id='word_1_276' title='bbox 1283 2544 1349 2590; x_wconf 91' lang='lat' dir='ltr'>illum</span> 
     </span>
     <span class='ocr_line' id='line_1_29' title="bbox 224 2621 1102 2684; baseline -0.002 -15"><span class='ocrx_word' id='word_1_277' title='bbox 224 2624 351 2670; x_wconf 87' lang='lat' dir='ltr'>interficere</span> <span class='ocrx_word' id='word_1_278' title='bbox 363 2623 527 2684; x_wconf 82' lang='lat' dir='ltr'>disponebant,</span> <span class='ocrx_word' id='word_1_279' title='bbox 535 2622 597 2669; x_wconf 85' lang='lat' dir='ltr'>satis</span> <span class='ocrx_word' id='word_1_280' title='bbox 608 2623 718 2680; x_wconf 87' lang='lat' dir='ltr'>prudenti</span> <span class='ocrx_word' id='word_1_281' title='bbox 730 2621 826 2668; x_wconf 89' lang='lat' dir='ltr'>consilio</span> <span class='ocrx_word' id='word_1_282' title='bbox 839 2622 901 2682; x_wconf 87' lang='lat' dir='ltr'>cepit</span> <span class='ocrx_word' id='word_1_283' title='bbox 912 2624 935 2667; x_wconf 89' lang='lat' dir='ltr'>et</span> <span class='ocrx_word' id='word_1_284' title='bbox 946 2623 1102 2668; x_wconf 82' lang='lat' dir='ltr'>incarceravit.</span> 
     </span>
    </p>

    <p class='ocr_par' dir='ltr' id='par_1_13' title="bbox 224 2697 1349 2911">
     <span class='ocr_line' id='line_1_30' title="bbox 292 2697 1349 2758; baseline -0.002 -13"><span class='ocrx_word' id='word_1_285' title='bbox 292 2701 351 2745; x_wconf 81' lang='lat' dir='ltr'>Anu.</span> <span class='ocrx_word' id='word_1_286' title='bbox 369 2702 474 2758; x_wconf 77' lang='lat' dir='ltr'>Argent:</span> <span class='ocrx_word' id='word_1_287' title='bbox 492 2700 559 2758; x_wconf 86' lang='lat' dir='ltr'>capta</span> <span class='ocrx_word' id='word_1_288' title='bbox 575 2711 646 2744; x_wconf 79' lang='lat' dir='ltr'>uxore</span> <span class='ocrx_word' id='word_1_289' title='bbox 659 2698 772 2744; x_wconf 80' lang='lat' dir='ltr'>l&#39;ancradi</span> <span class='ocrx_word' id='word_1_290' title='bbox 788 2700 812 2744; x_wconf 84' lang='lat' dir='ltr'>et</span> <span class='ocrx_word' id='word_1_291' title='bbox 828 2711 871 2756; x_wconf 92' lang='lat' dir='ltr'>epo</span> <span class='ocrx_word' id='word_1_292' title='bbox 889 2697 1033 2744; x_wconf 82' lang='lat' dir='ltr'>Salernitana</span> <span class='ocrx_word' id='word_1_293' title='bbox 1051 2701 1074 2744; x_wconf 91' lang='lat' dir='ltr'>et</span> <span class='ocrx_word' id='word_1_294' title='bbox 1091 2700 1170 2744; x_wconf 91' lang='lat' dir='ltr'>decem</span> <span class='ocrx_word' id='word_1_295' title='bbox 1182 2699 1233 2744; x_wconf 90' lang='lat' dir='ltr'>aliis</span> <span class='ocrx_word' id='word_1_296' title='bbox 1246 2699 1349 2744; x_wconf 87' lang='lat' dir='ltr'>eiusdem</span> 
     </span>
     <span class='ocr_line' id='line_1_31' title="bbox 224 2774 1348 2834; baseline -0.001 -14"><span class='ocrx_word' id='word_1_297' title='bbox 224 2777 284 2820; x_wconf 90' lang='lat' dir='ltr'>terre</span> <span class='ocrx_word' id='word_1_298' title='bbox 296 2776 416 2821; x_wconf 87' lang='lat' dir='ltr'>comitibus</span> <span class='ocrx_word' id='word_1_299' title='bbox 429 2779 452 2822; x_wconf 90' lang='lat' dir='ltr'>et</span> <span class='ocrx_word' id='word_1_300' title='bbox 463 2775 598 2829; x_wconf 86' lang='lat' dir='ltr'>maioribus,</span> <span class='ocrx_word' id='word_1_301' title='bbox 616 2775 676 2820; x_wconf 87' lang='lat' dir='ltr'>inter</span> <span class='ocrx_word' id='word_1_302' title='bbox 692 2787 750 2834; x_wconf 89' lang='lat' dir='ltr'>quos</span> <span class='ocrx_word' id='word_1_303' title='bbox 763 2777 812 2819; x_wconf 89' lang='lat' dir='ltr'>erat</span> <span class='ocrx_word' id='word_1_304' title='bbox 823 2774 916 2833; x_wconf 86' lang='lat' dir='ltr'>quidam</span> <span class='ocrx_word' id='word_1_305' title='bbox 928 2778 1008 2834; x_wconf 87' lang='lat' dir='ltr'>pyrata</span> <span class='ocrx_word' id='word_1_306' title='bbox 1020 2777 1154 2834; x_wconf 92' lang='lat' dir='ltr'>precipuus,</span> <span class='ocrx_word' id='word_1_307' title='bbox 1173 2775 1248 2822; x_wconf 89' lang='lat' dir='ltr'>dictus</span> <span class='ocrx_word' id='word_1_308' title='bbox 1261 2775 1348 2832; x_wconf 83' lang='lat' dir='ltr'>ltlarga-</span> 
     </span>
     <span class='ocr_line' id='line_1_32' title="bbox 224 2851 1349 2911; baseline 0 -15"><span class='ocrx_word' id='word_1_309' title='bbox 224 2853 279 2906; x_wconf 89' lang='lat' dir='ltr'>rita,</span> <span class='ocrx_word' id='word_1_310' title='bbox 298 2852 337 2911; x_wconf 92' lang='lat' dir='ltr'>qui</span> <span class='ocrx_word' id='word_1_311' title='bbox 349 2853 417 2898; x_wconf 88' lang='lat' dir='ltr'>etiam</span> <span class='ocrx_word' id='word_1_312' title='bbox 430 2853 515 2898; x_wconf 87' lang='lat' dir='ltr'>divitiis</span> <span class='ocrx_word' id='word_1_313' title='bbox 527 2854 551 2896; x_wconf 88' lang='lat' dir='ltr'>et</span> <span class='ocrx_word' id='word_1_314' title='bbox 562 2852 666 2910; x_wconf 87' lang='lat' dir='ltr'>potentia</span> <span class='ocrx_word' id='word_1_315' title='bbox 679 2851 773 2896; x_wconf 88' lang='lat' dir='ltr'>comites</span> <span class='ocrx_word' id='word_1_316' title='bbox 786 2851 898 2905; x_wconf 86' lang='lat' dir='ltr'>anteibat,</span> <span class='ocrx_word' id='word_1_317' title='bbox 916 2852 955 2910; x_wconf 91' lang='lat' dir='ltr'>qui</span> <span class='ocrx_word' id='word_1_318' title='bbox 970 2865 1048 2896; x_wconf 90' lang='lat' dir='ltr'>omnes</span> <span class='ocrx_word' id='word_1_319' title='bbox 1061 2853 1085 2896; x_wconf 92' lang='lat' dir='ltr'>in</span> <span class='ocrx_word' id='word_1_320' title='bbox 1096 2854 1158 2896; x_wconf 91' lang='lat' dir='ltr'>terra</span> <span class='ocrx_word' id='word_1_321' title='bbox 1171 2851 1297 2896; x_wconf 88' lang='lat' dir='ltr'>Teutoniea</span> <span class='ocrx_word' id='word_1_322' title='bbox 1308 2865 1349 2910; x_wconf 91' lang='lat' dir='ltr'>per</span> 
     </span>
    </p>
   </div>
   <div class='ocr_carea' id='block_1_4' title="bbox 132 2927 1349 2990">
    <p class='ocr_par' dir='ltr' id='par_1_14' title="bbox 132 2927 1349 2990">
     <span class='ocr_line' id='line_1_33' title="bbox 132 2927 1349 2990; baseline -0.002 -16"><span class='ocrx_word' id='word_1_323' title='bbox 132 2979 137 2985; x_wconf 49' lang='grc'>,</span> <span class='ocrx_word' id='word_1_324' title='bbox 225 2929 314 2974; x_wconf 87' lang='lat' dir='ltr'>diversa</span> <span class='ocrx_word' id='word_1_325' title='bbox 326 2929 377 2974; x_wconf 88' lang='lat' dir='ltr'>loca</span> <span class='ocrx_word' id='word_1_326' title='bbox 388 2931 458 2990; x_wconf 88' lang='lat' dir='ltr'>positi</span> <span class='ocrx_word' id='word_1_327' title='bbox 471 2934 524 2976; x_wconf 90' lang='lat' dir='ltr'>sunt</span> <span class='ocrx_word' id='word_1_328' title='bbox 536 2931 559 2974; x_wconf 92' lang='lat' dir='ltr'>in</span> <span class='ocrx_word' id='word_1_329' title='bbox 572 2929 686 2975; x_wconf 88' lang='lat' dir='ltr'>artissima</span> <span class='ocrx_word' id='word_1_330' title='bbox 697 2927 813 2982; x_wconf 87' lang='lat' dir='ltr'>custodia,</span> <span class='ocrx_word' id='word_1_331' title='bbox 830 2927 904 2974; x_wconf 87' lang='lat' dir='ltr'>fflium</span> <span class='ocrx_word' id='word_1_332' title='bbox 919 2941 1010 2988; x_wconf 88' lang='lat' dir='ltr'>quoqne</span> <span class='ocrx_word' id='word_1_333' title='bbox 1027 2929 1156 2987; x_wconf 89' lang='lat' dir='ltr'>predictum</span> <span class='ocrx_word' id='word_1_334' title='bbox 1168 2928 1281 2973; x_wconf 88' lang='lat' dir='ltr'>Tauoradi</span> <span class='ocrx_word' id='word_1_335' title='bbox 1298 2941 1349 2972; x_wconf 91' lang='lat' dir='ltr'>cum</span> 
     </span>
    </p>
   </div>
   <div class='ocr_carea' id='block_1_5' title="bbox 184 3005 1351 3908">
    <p class='ocr_par' dir='ltr' id='par_1_15' title="bbox 225 3005 730 3064">
     <span class='ocr_line' id='line_1_34' title="bbox 225 3005 730 3064; baseline 0 -14"><span class='ocrx_word' id='word_1_336' title='bbox 225 3005 298 3050; x_wconf 88' lang='lat' dir='ltr'>tribus</span> <span class='ocrx_word' id='word_1_337' title='bbox 311 3006 426 3052; x_wconf 82' lang='lat' dir='ltr'>sororibus</span> <span class='ocrx_word' id='word_1_338' title='bbox 440 3008 487 3052; x_wconf 89' lang='lat' dir='ltr'>suis</span> <span class='ocrx_word' id='word_1_339' title='bbox 500 3007 615 3064; x_wconf 91' lang='lat' dir='ltr'>captivum</span> <span class='ocrx_word' id='word_1_340' title='bbox 627 3005 730 3050; x_wconf 82' lang='lat' dir='ltr'>abduxit.</span> 
     </span>
    </p>

    <p class='ocr_par' dir='ltr' id='par_1_16' title="bbox 225 3080 1349 3294">
     <span class='ocr_line' id='line_1_35' title="bbox 292 3080 1349 3142; baseline -0.001 -15"><span class='ocrx_word' id='word_1_341' title='bbox 292 3083 352 3127; x_wconf 74' lang='lat' dir='ltr'>Anu.</span> <span class='ocrx_word' id='word_1_342' title='bbox 359 3084 460 3142; x_wconf 85' lang='lat' dir='ltr'>Aquens.</span> <span class='ocrx_word' id='word_1_343' title='bbox 471 3081 511 3140; x_wconf 88' lang='lat' dir='ltr'>(M.</span> <span class='ocrx_word' id='word_1_344' title='bbox 518 3083 544 3128; x_wconf 88' lang='lat' dir='ltr'>G.</span> <span class='ocrx_word' id='word_1_345' title='bbox 555 3082 615 3127; x_wconf 84' lang='lat' dir='ltr'>XVI.</span> <span class='ocrx_word' id='word_1_346' title='bbox 626 3080 706 3138; x_wconf 79' lang='grc' dir='ltr'>686,)ι</span> <span class='ocrx_word' id='word_1_347' title='bbox 719 3083 794 3138; x_wconf 82' lang='lat' dir='ltr'>rediit,</span> <span class='ocrx_word' id='word_1_348' title='bbox 805 3082 891 3128; x_wconf 83' lang='lat' dir='ltr'>ducens</span> <span class='ocrx_word' id='word_1_349' title='bbox 901 3095 978 3127; x_wconf 85' lang='lat' dir='ltr'>secum</span> <span class='ocrx_word' id='word_1_350' title='bbox 988 3081 1098 3139; x_wconf 87' lang='lat' dir='ltr'>captivos,</span> <span class='ocrx_word' id='word_1_351' title='bbox 1111 3081 1184 3139; x_wconf 90' lang='lat' dir='ltr'>quiin</span> <span class='ocrx_word' id='word_1_352' title='bbox 1193 3083 1287 3126; x_wconf 90' lang='lat' dir='ltr'>mortem</span> <span class='ocrx_word' id='word_1_353' title='bbox 1300 3081 1349 3126; x_wconf 89' lang='lat' dir='ltr'>eius</span> 
     </span>
     <span class='ocr_line' id='line_1_36' title="bbox 226 3157 1349 3218; baseline -0.002 -15"><span class='ocrx_word' id='word_1_354' title='bbox 226 3159 424 3218; x_wconf 87' lang='lat' dir='ltr'>conspiraverant,</span> <span class='ocrx_word' id='word_1_355' title='bbox 438 3159 488 3204; x_wconf 92' lang='lat' dir='ltr'>scil.</span> <span class='ocrx_word' id='word_1_356' title='bbox 503 3173 595 3204; x_wconf 81' lang='lat' dir='ltr'>uxorem</span> <span class='ocrx_word' id='word_1_357' title='bbox 607 3159 642 3213; x_wconf 75' lang='lat' dir='ltr'>T..</span> <span class='ocrx_word' id='word_1_358' title='bbox 655 3173 707 3204; x_wconf 88' lang='lat' dir='ltr'>cum</span> <span class='ocrx_word' id='word_1_359' title='bbox 719 3158 767 3204; x_wconf 88' lang='lat' dir='ltr'>lilio</span> <span class='ocrx_word' id='word_1_360' title='bbox 780 3160 803 3202; x_wconf 90' lang='lat' dir='ltr'>et</span> <span class='ocrx_word' id='word_1_361' title='bbox 815 3157 903 3204; x_wconf 90' lang='lat' dir='ltr'>duabus</span> <span class='ocrx_word' id='word_1_362' title='bbox 915 3157 1018 3212; x_wconf 83' lang='lat' dir='ltr'>filiabus,</span> <span class='ocrx_word' id='word_1_363' title='bbox 1033 3160 1056 3202; x_wconf 90' lang='lat' dir='ltr'>et</span> <span class='ocrx_word' id='word_1_364' title='bbox 1067 3157 1212 3214; x_wconf 82' lang='lat' dir='ltr'>Margaritam</span> <span class='ocrx_word' id='word_1_365' title='bbox 1223 3157 1349 3216; x_wconf 89' lang='lat' dir='ltr'>principem</span> 
     </span>
     <span class='ocr_line' id='line_1_37' title="bbox 225 3234 1031 3294; baseline -0.001 -14"><span class='ocrx_word' id='word_1_366' title='bbox 225 3236 349 3294; x_wconf 85' lang='lat' dir='ltr'>piratarum</span> <span class='ocrx_word' id='word_1_367' title='bbox 362 3237 385 3280; x_wconf 90' lang='lat' dir='ltr'>et</span> <span class='ocrx_word' id='word_1_368' title='bbox 396 3236 496 3280; x_wconf 89' lang='lat' dir='ltr'>sedecim</span> <span class='ocrx_word' id='word_1_369' title='bbox 509 3249 537 3280; x_wconf 79' lang='lat' dir='ltr'>ex</span> <span class='ocrx_word' id='word_1_370' title='bbox 548 3235 692 3292; x_wconf 81' lang='lat' dir='ltr'>magnatibus</span> <span class='ocrx_word' id='word_1_371' title='bbox 704 3237 751 3278; x_wconf 88' lang='lat' dir='ltr'>tam</span> <span class='ocrx_word' id='word_1_372' title='bbox 764 3234 849 3293; x_wconf 86' lang='lat' dir='ltr'>Sycilic</span> <span class='ocrx_word' id='word_1_373' title='bbox 861 3248 930 3293; x_wconf 91' lang='lat' dir='ltr'>quam</span> <span class='ocrx_word' id='word_1_374' title='bbox 941 3234 1031 3294; x_wconf 79' lang='lat' dir='ltr'>Apulia.</span> 
     </span>
    </p>

    <p class='ocr_par' dir='ltr' id='par_1_17' title="bbox 225 3308 1350 3509">
     <span class='ocr_line' id='line_1_38' title="bbox 295 3308 1349 3370; baseline -0.001 -14"><span class='ocrx_word' id='word_1_375' title='bbox 295 3311 361 3357; x_wconf 86' lang='lat' dir='ltr'>Gont.</span> <span class='ocrx_word' id='word_1_376' title='bbox 375 3312 483 3358; x_wconf 81' lang='lat' dir='ltr'>Admunt.</span> <span class='ocrx_word' id='word_1_377' title='bbox 498 3309 538 3367; x_wconf 89' lang='lat' dir='ltr'>(M.</span> <span class='ocrx_word' id='word_1_378' title='bbox 550 3312 576 3357; x_wconf 89' lang='lat' dir='ltr'>G.</span> <span class='ocrx_word' id='word_1_379' title='bbox 587 3310 647 3357; x_wconf 81' lang='lat' dir='ltr'>xlv.</span> <span class='ocrx_word' id='word_1_380' title='bbox 655 3308 734 3366; x_wconf 79' lang='lat'>587.):</span> <span class='ocrx_word' id='word_1_381' title='bbox 752 3309 899 3367; x_wconf 83' lang='lat' dir='ltr'>Margaritnm</span> <span class='ocrx_word' id='word_1_382' title='bbox 912 3324 963 3356; x_wconf 90' lang='lat' dir='ltr'>cum</span> <span class='ocrx_word' id='word_1_383' title='bbox 975 3311 1026 3357; x_wconf 87' lang='lat' dir='ltr'>aliis</span> <span class='ocrx_word' id='word_1_384' title='bbox 1038 3311 1101 3356; x_wconf 91' lang='lat' dir='ltr'>illius</span> <span class='ocrx_word' id='word_1_385' title='bbox 1114 3315 1188 3358; x_wconf 90' lang='lat' dir='ltr'>terrae</span> <span class='ocrx_word' id='word_1_386' title='bbox 1200 3310 1349 3370; x_wconf 87' lang='lat' dir='ltr'>principibus,</span> 
     </span>
     <span class='ocr_line' id='line_1_39' title="bbox 225 3387 1350 3448; baseline 0 -16"><span class='ocrx_word' id='word_1_387' title='bbox 225 3388 366 3433; x_wconf 88' lang='lat' dir='ltr'>vinculatum</span> <span class='ocrx_word' id='word_1_388' title='bbox 382 3389 406 3433; x_wconf 94' lang='lat' dir='ltr'>in</span> <span class='ocrx_word' id='word_1_389' title='bbox 422 3388 495 3434; x_wconf 78' lang='lat' dir='ltr'>Alam.</span> <span class='ocrx_word' id='word_1_390' title='bbox 514 3387 610 3434; x_wconf 82' lang='lat' dir='ltr'>abduxit</span> <span class='ocrx_word' id='word_1_391' title='bbox 632 3391 655 3434; x_wconf 89' lang='lat' dir='ltr'>at</span> <span class='ocrx_word' id='word_1_392' title='bbox 671 3389 769 3444; x_wconf 87' lang='lat' dir='ltr'>cecavit,</span> <span class='ocrx_word' id='word_1_393' title='bbox 793 3388 930 3448; x_wconf 87' lang='lat' dir='ltr'>quibusdam</span> <span class='ocrx_word' id='word_1_394' title='bbox 947 3388 1083 3448; x_wconf 87' lang='lat' dir='ltr'>complicum</span> <span class='ocrx_word' id='word_1_395' title='bbox 1099 3401 1192 3432; x_wconf 91' lang='lat' dir='ltr'>suorum</span> <span class='ocrx_word' id='word_1_396' title='bbox 1208 3388 1233 3432; x_wconf 90' lang='lat' dir='ltr'>in</span> <span class='ocrx_word' id='word_1_397' title='bbox 1252 3387 1350 3432; x_wconf 86' lang='lat' dir='ltr'>vinculis</span> 
     </span>
     <span class='ocr_line' id='line_1_40' title="bbox 226 3475 963 3509; baseline 0 -1"><span class='ocrx_word' id='word_1_398' title='bbox 226 3477 316 3509; x_wconf 87' lang='lat' dir='ltr'>occrsrs.</span> <span class='ocrx_word' id='word_1_399' title='bbox 961 3475 963 3480; x_wconf 91' lang='lat'>·</span> 
     </span>
    </p>

    <p class='ocr_par' dir='ltr' id='par_1_18' title="bbox 184 3538 1351 3754">
     <span class='ocr_line' id='line_1_41' title="bbox 295 3538 1350 3600; baseline -0.003 -14"><span class='ocrx_word' id='word_1_400' title='bbox 295 3541 361 3586; x_wconf 82' lang='lat' dir='ltr'>Gont.</span> <span class='ocrx_word' id='word_1_401' title='bbox 375 3539 496 3586; x_wconf 87' lang='lat' dir='ltr'>Gremiian.</span> <span class='ocrx_word' id='word_1_402' title='bbox 511 3538 550 3597; x_wconf 86' lang='lat' dir='ltr'>(M.</span> <span class='ocrx_word' id='word_1_403' title='bbox 564 3541 591 3586; x_wconf 90' lang='lat' dir='ltr'>G.</span> <span class='ocrx_word' id='word_1_404' title='bbox 604 3539 665 3598; x_wconf 85' lang='lat' dir='ltr'>lll.):</span> <span class='ocrx_word' id='word_1_405' title='bbox 679 3542 796 3600; x_wconf 86' lang='lat' dir='ltr'>galiottam</span> <span class='ocrx_word' id='word_1_406' title='bbox 807 3543 922 3600; x_wconf 89' lang='lat' dir='ltr'>potentem</span> <span class='ocrx_word' id='word_1_407' title='bbox 935 3542 1026 3586; x_wconf 90' lang='lat' dir='ltr'>nomine</span> <span class='ocrx_word' id='word_1_408' title='bbox 1038 3542 1108 3600; x_wconf 83' lang='lat' dir='ltr'>Marg.</span> <span class='ocrx_word' id='word_1_409' title='bbox 1125 3541 1227 3600; x_wconf 87' lang='lat' dir='ltr'>aliosque</span> <span class='ocrx_word' id='word_1_410' title='bbox 1244 3540 1350 3597; x_wconf 87' lang='lat' dir='ltr'>potentes</span> 
     </span>
     <span class='ocr_line' id='line_1_42' title="bbox 184 3609 1351 3676; baseline -0.001 -14"><span class='ocrx_word' id='word_1_411' title='bbox 184 3609 188 3616; x_wconf 82' lang='grc'><strong>’</strong></span> <span class='ocrx_word' id='word_1_412' title='bbox 225 3617 344 3662; x_wconf 88' lang='lat' dir='ltr'>insulanos</span> <span class='ocrx_word' id='word_1_413' title='bbox 357 3616 529 3676; x_wconf 86' lang='lat' dir='ltr'>comprehendit</span> <span class='ocrx_word' id='word_1_414' title='bbox 542 3621 564 3662; x_wconf 90' lang='lat' dir='ltr'>et</span> <span class='ocrx_word' id='word_1_415' title='bbox 577 3631 654 3662; x_wconf 91' lang='lat' dir='ltr'>secum</span> <span class='ocrx_word' id='word_1_416' title='bbox 666 3619 771 3674; x_wconf 82' lang='lat' dir='ltr'>abduxit,</span> <span class='ocrx_word' id='word_1_417' title='bbox 789 3617 922 3662; x_wconf 86' lang='lat' dir='ltr'>thesaurum</span> <span class='ocrx_word' id='word_1_418' title='bbox 938 3617 1052 3662; x_wconf 88' lang='lat' dir='ltr'>infinitum</span> <span class='ocrx_word' id='word_1_419' title='bbox 1064 3617 1087 3660; x_wconf 91' lang='lat' dir='ltr'>in</span> <span class='ocrx_word' id='word_1_420' title='bbox 1100 3630 1154 3662; x_wconf 89' lang='lat' dir='ltr'>auro</span> <span class='ocrx_word' id='word_1_421' title='bbox 1167 3619 1190 3661; x_wconf 90' lang='lat' dir='ltr'>et</span> <span class='ocrx_word' id='word_1_422' title='bbox 1202 3619 1294 3674; x_wconf 78' lang='lat' dir='ltr'>argento</span> <span class='ocrx_word' id='word_1_423' title='bbox 1307 3616 1351 3661; x_wconf 89' lang='lat' dir='ltr'>sibi</span> 
     </span>
     <span class='ocr_line' id='line_1_43' title="bbox 227 3694 371 3754; baseline 0 -16"><span class='ocrx_word' id='word_1_424' title='bbox 227 3694 371 3754; x_wconf 86' lang='lat' dir='ltr'>conquisivit.</span> 
     </span>
    </p>

    <p class='ocr_par' dir='ltr' id='par_1_19' title="bbox 228 3767 1351 3908">
     <span class='ocr_line' id='line_1_44' title="bbox 294 3767 1351 3830; baseline 0.001 -15"><span class='ocrx_word' id='word_1_425' title='bbox 294 3771 353 3815; x_wconf 77' lang='lat' dir='ltr'>Ann.</span> <span class='ocrx_word' id='word_1_426' title='bbox 368 3769 391 3814; x_wconf 86' lang='lat' dir='ltr'>S.</span> <span class='ocrx_word' id='word_1_427' title='bbox 405 3769 516 3815; x_wconf 82' lang='lat' dir='ltr'>Radberti</span> <span class='ocrx_word' id='word_1_428' title='bbox 529 3769 611 3816; x_wconf 84' lang='lat' dir='ltr'>Salisb.</span> <span class='ocrx_word' id='word_1_429' title='bbox 627 3768 665 3826; x_wconf 89' lang='lat' dir='ltr'>(M.</span> <span class='ocrx_word' id='word_1_430' title='bbox 680 3771 705 3818; x_wconf 89' lang='lat' dir='ltr'>G.</span> <span class='ocrx_word' id='word_1_431' title='bbox 719 3771 757 3817; x_wconf 89' lang='lat' dir='ltr'>Xl.</span> <span class='ocrx_word' id='word_1_432' title='bbox 771 3767 851 3828; x_wconf 83' lang='grc'>778.);</span> <span class='ocrx_word' id='word_1_433' title='bbox 870 3769 981 3829; x_wconf 77' lang='lat' dir='ltr'>(regnum)</span> <span class='ocrx_word' id='word_1_434' title='bbox 995 3785 1046 3816; x_wconf 93' lang='lat' dir='ltr'>cum</span> <span class='ocrx_word' id='word_1_435' title='bbox 1057 3771 1142 3830; x_wconf 91' lang='lat' dir='ltr'>palatio</span> <span class='ocrx_word' id='word_1_436' title='bbox 1154 3771 1315 3816; x_wconf 87' lang='lat' dir='ltr'>Panormitano</span> <span class='ocrx_word' id='word_1_437' title='bbox 1328 3774 1351 3816; x_wconf 89' lang='lat' dir='ltr'>et</span> 
     </span>
     <span class='ocr_line' id='line_1_45' title="bbox 228 3845 1350 3908; baseline 0.004 -18"><span class='ocrx_word' id='word_1_438' title='bbox 228 3845 339 3891; x_wconf 87' lang='lat' dir='ltr'>thesauris</span> <span class='ocrx_word' id='word_1_439' title='bbox 356 3861 433 3904; x_wconf 79' lang='lat' dir='ltr'>regum</span> <span class='ocrx_word' id='word_1_440' title='bbox 451 3849 596 3906; x_wconf 89' lang='lat' dir='ltr'>antiquorum</span> <span class='ocrx_word' id='word_1_441' title='bbox 608 3847 703 3894; x_wconf 84' lang='lat' dir='ltr'>infinitis</span> <span class='ocrx_word' id='word_1_442' title='bbox 721 3848 826 3895; x_wconf 89' lang='lat' dir='ltr'>obtinuit.</span> <span class='ocrx_word' id='word_1_443' title='bbox 849 3847 879 3894; x_wconf 85' lang='lat' dir='ltr'>Et</span> <span class='ocrx_word' id='word_1_444' title='bbox 891 3848 1036 3906; x_wconf 83' lang='lat' dir='ltr'>Margaritam</span> <span class='ocrx_word' id='word_1_445' title='bbox 1052 3849 1149 3908; x_wconf 83' lang='lat' dir='ltr'>piratam</span> <span class='ocrx_word' id='word_1_446' title='bbox 1163 3849 1235 3907; x_wconf 89' lang='lat' dir='ltr'>cepit,</span> <span class='ocrx_word' id='word_1_447' title='bbox 1255 3851 1277 3893; x_wconf 89' lang='lat' dir='ltr'>et</span> <span class='ocrx_word' id='word_1_448' title='bbox 1293 3847 1350 3894; x_wconf 88' lang='lat' dir='ltr'>alios</span> 
     </span>
    </p>
   </div>
   <div class='ocr_carea' id='block_1_6' title="bbox 138 3922 1350 3984">
    <p class='ocr_par' dir='ltr' id='par_1_20' title="bbox 138 3922 1350 3984">
     <span class='ocr_line' id='line_1_46' title="bbox 138 3922 1350 3984; baseline 0.004 -19"><span class='ocrx_word' id='word_1_449' title='bbox 138 3953 142 3961; x_wconf 90' lang='lat'>.</span> <span class='ocrx_word' id='word_1_450' title='bbox 228 3922 392 3982; x_wconf 88' lang='lat' dir='ltr'>quamplures,</span> <span class='ocrx_word' id='word_1_451' title='bbox 405 3925 445 3984; x_wconf 86' lang='lat' dir='ltr'>qui</span> <span class='ocrx_word' id='word_1_452' title='bbox 457 3927 536 3970; x_wconf 88' lang='lat' dir='ltr'>contra</span> <span class='ocrx_word' id='word_1_453' title='bbox 548 3939 599 3969; x_wconf 89' lang='lat' dir='ltr'>eum</span> <span class='ocrx_word' id='word_1_454' title='bbox 612 3925 809 3984; x_wconf 86' lang='lat' dir='ltr'>conspiraverant,</span> <span class='ocrx_word' id='word_1_455' title='bbox 823 3924 920 3970; x_wconf 89' lang='lat' dir='ltr'>diversis</span> <span class='ocrx_word' id='word_1_456' title='bbox 930 3923 1049 3984; x_wconf 87' lang='lat' dir='ltr'>suppliciis</span> <span class='ocrx_word' id='word_1_457' title='bbox 1062 3925 1182 3970; x_wconf 88' lang='lat' dir='ltr'>interemit.</span> <span class='ocrx_word' id='word_1_458' title='bbox 1196 3925 1279 3970; x_wconf 87' lang='lat' dir='ltr'>Filium</span> <span class='ocrx_word' id='word_1_459' title='bbox 1292 3925 1350 3970; x_wconf 89' lang='lat' dir='ltr'>Tan·</span> 
     </span>
    </p>
   </div>
   <div class='ocr_carea' id='block_1_7' title="bbox 225 3999 1351 4280">
    <p class='ocr_par' dir='ltr' id='par_1_21' title="bbox 229 3999 651 4060">
     <span class='ocr_line' id='line_1_47' title="bbox 229 3999 651 4060; baseline 0.005 -16"><span class='ocrx_word' id='word_1_460' title='bbox 229 3999 307 4045; x_wconf 90' lang='lat' dir='ltr'>chradi</span> <span class='ocrx_word' id='word_1_461' title='bbox 319 4002 341 4045; x_wconf 93' lang='lat' dir='ltr'>et</span> <span class='ocrx_word' id='word_1_462' title='bbox 353 4015 448 4046; x_wconf 80' lang='lat' dir='ltr'>uxorem</span> <span class='ocrx_word' id='word_1_463' title='bbox 460 4001 508 4046; x_wconf 89' lang='lat' dir='ltr'>eius</span> <span class='ocrx_word' id='word_1_464' title='bbox 521 4001 651 4060; x_wconf 89' lang='lat' dir='ltr'>captivavit.</span> 
     </span>
    </p>

    <p class='ocr_par' dir='ltr' id='par_1_22' title="bbox 225 4075 1351 4280">
     <span class='ocr_line' id='line_1_48' title="bbox 295 4075 1350 4138; baseline 0 -16"><span class='ocrx_word' id='word_1_465' title='bbox 295 4077 354 4122; x_wconf 77' lang='lat' dir='ltr'>Anu.</span> <span class='ocrx_word' id='word_1_466' title='bbox 369 4077 392 4122; x_wconf 88' lang='lat' dir='ltr'>S.</span> <span class='ocrx_word' id='word_1_467' title='bbox 406 4076 471 4122; x_wconf 92' lang='lat' dir='ltr'>Pauli</span> <span class='ocrx_word' id='word_1_468' title='bbox 483 4077 580 4122; x_wconf 88' lang='lat' dir='ltr'>Virdun.</span> <span class='ocrx_word' id='word_1_469' title='bbox 595 4075 634 4134; x_wconf 85' lang='grc' dir='ltr'>(Μ.</span> <span class='ocrx_word' id='word_1_470' title='bbox 648 4079 674 4124; x_wconf 90' lang='lat' dir='ltr'>G.</span> <span class='ocrx_word' id='word_1_471' title='bbox 685 4078 745 4124; x_wconf 85' lang='lat' dir='ltr'>XVI.</span> <span class='ocrx_word' id='word_1_472' title='bbox 757 4077 836 4136; x_wconf 83' lang='lat'>501.):</span> <span class='ocrx_word' id='word_1_473' title='bbox 850 4079 974 4138; x_wconf 86' lang='lat' dir='ltr'>captivavit</span> <span class='ocrx_word' id='word_1_474' title='bbox 986 4092 1048 4138; x_wconf 89' lang='lat' dir='ltr'>epos,</span> <span class='ocrx_word' id='word_1_475' title='bbox 1064 4079 1157 4123; x_wconf 90' lang='lat' dir='ltr'>comites</span> <span class='ocrx_word' id='word_1_476' title='bbox 1171 4080 1193 4123; x_wconf 89' lang='lat' dir='ltr'>et</span> <span class='ocrx_word' id='word_1_477' title='bbox 1205 4078 1350 4135; x_wconf 80' lang='lat' dir='ltr'>Margaritam</span> 
     </span>
     <span class='ocr_line' id='line_1_49' title="bbox 227 4152 1351 4215; baseline 0.001 -17"><span class='ocrx_word' id='word_1_478' title='bbox 227 4156 250 4199; x_wconf 90' lang='lat' dir='ltr'>et</span> <span class='ocrx_word' id='word_1_479' title='bbox 266 4152 395 4212; x_wconf 88' lang='lat' dir='ltr'>complures</span> <span class='ocrx_word' id='word_1_480' title='bbox 412 4153 501 4199; x_wconf 87' lang='lat' dir='ltr'>nobiles</span> <span class='ocrx_word' id='word_1_481' title='bbox 519 4156 541 4199; x_wconf 92' lang='lat' dir='ltr'>et</span> <span class='ocrx_word' id='word_1_482' title='bbox 557 4154 657 4212; x_wconf 79' lang='lat' dir='ltr'>reginam</span> <span class='ocrx_word' id='word_1_483' title='bbox 674 4155 777 4202; x_wconf 88' lang='lat' dir='ltr'>eiusdem</span> <span class='ocrx_word' id='word_1_484' title='bbox 793 4156 868 4213; x_wconf 81' lang='lat' dir='ltr'>regni,</span> <span class='ocrx_word' id='word_1_485' title='bbox 890 4158 913 4202; x_wconf 88' lang='lat' dir='ltr'>et</span> <span class='ocrx_word' id='word_1_486' title='bbox 929 4155 1022 4201; x_wconf 88' lang='lat' dir='ltr'>eosdem</span> <span class='ocrx_word' id='word_1_487' title='bbox 1042 4157 1119 4215; x_wconf 87' lang='lat' dir='ltr'>preter</span> <span class='ocrx_word' id='word_1_488' title='bbox 1139 4168 1194 4214; x_wconf 90' lang='lat' dir='ltr'>epos</span> <span class='ocrx_word' id='word_1_489' title='bbox 1212 4157 1235 4200; x_wconf 87' lang='lat' dir='ltr'>et</span> <span class='ocrx_word' id='word_1_490' title='bbox 1251 4155 1351 4212; x_wconf 81' lang='lat' dir='ltr'>reginam</span> 
     </span>
     <span class='ocr_line' id='line_1_50' title="bbox 225 4231 387 4280; baseline -0.012 0"><span class='ocrx_word' id='word_1_491' title='bbox 225 4231 294 4280; x_wconf 80' lang='lat' dir='ltr'>iussit</span> <span class='ocrx_word' id='word_1_492' title='bbox 306 4231 387 4278; x_wconf 81' lang='lat' dir='ltr'>cecati.</span> 
     </span>
    </p>
   </div>
   <div class='ocr_carea' id='block_1_8' title="bbox 0 0 1536 4944">
    <p class='ocr_par' dir='ltr' id='par_1_23' title="bbox 0 0 1536 4944">
     <span class='ocr_line' id='line_1_51' title="bbox 0 0 1536 4944; baseline 0 0"><span class='ocrx_word' id='word_1_493' title='bbox 0 0 1536 4944; x_wconf 95' lang='lat' dir='ltr'> </span> 
     </span>
    </p>
   </div>
  </div>
 </body>
</html>
